% Multi-agent systems, cooperative control,

% Journal: IEEE Transactions on Automatic Control
@ARTICLE{Leonard2013, 
author={Leonard, N.E. and Olshevsky, A.}, 
journal={IEEE Transactions on Automatic Control}, 
title={Nonuniform coverage control on the line}, 
year={2013}, 
month={Nov}, 
volume={58}, 
number={11}, 
pages={2743-2755}, 
}

@ARTICLE{Wang2010,
author={Yue Wang and Islam I. Hussein},
journal={IEEE Trans. on Automatic Control},
title={Awareness Coverage Control Over Large-Scale Domains With Intermittent Communications},
year={2010},
volume={55},
number={8},
pages={1850-1859},
}

@article{Spinello2010,
	Author = {Davide Spinello and Daniel J. Stilwell},
	Date-Modified = {2012-11-05 13:56:09 -0500},
	Journal = {IEEE Trans. on Automatic Control},
	Month = {June},
	Number = {6},
	Pages = {1358--1366},
	Title = {Nonlinear Estimation With State-Dependent Gaussian Observation Noise},
	Volume = {55},
	Year = {2010}}

@article{Yang2008,
Author = {Yang, Peng and Freeman, Randy A. and Lynch, Kevin M.},
Title = {{Multi-Agent Coordination by Decentralized Estimation and Control}},
Journal = {IEEE Transactions on Automatic Control},
Year = {{2008}},
Volume = {{53}},
Number = {{11}},
Pages = {{2480--2496}},
Month = {Dec.},
}


	
@article{Martinez2007,
	Author = {Sonia Martinez and Francesco Bullo and Jorge Cortes and Emilio Frazzoli},
	Date-Added = {2013-08-15 16:48:16 -0400},
	Date-Modified = {2013-08-15 16:50:45 -0400},
	Journal = {IEEE Trans. on Automatic Control},
	Month = {Dec.},
	Number = {12},
	Pages = {2199--2213},
	Title = {On Synchronous Robotic Networks--Part {I}: Models, Tasks, and Complexity},
	Volume = {52},
	Year = {2007}}
	
@article{Marshall2004,
	Author = {Joshua A. Marshall and Mireille E. Broucke and Bruce A. Francis},
	Date-Added = {2013-08-15 17:10:31 -0400},
	Date-Modified = {2013-08-15 17:10:31 -0400},
	Journal = {IEEE Transactions on Automatic Control},
	Month = nov,
	Number = {11},
	Pages = {1963--1974},
	Title = {Formations of Vehicles in Cyclic Pursuit},
	Volume = {49},
	Year = {2004}}
	

@ARTICLE{Fax2004,
  author = {J. A. Fax and R. M. Murray},
  title = {Information Flow and Cooperative Control of Vehicle Formations},
  journal = {IEEE Transactions on Automatic Control},
  year = {2004},
  volume = {49},
  pages = {1465--1476},
  number = {9},
  month = {Sep.},
}

% Journal: IEEE Transactions on Control Systems Technology
@ARTICLE{Hu2013, 
author={Jinwen Hu and Lihua Xie and Kai-Yew Lum and Jun Xu}, 
journal={IEEE Transactions on Control Systems Technology}, 
title={Multiagent Information Fusion and Cooperative Control in Target Search}, 
year={2013}, 
month={July}, 
volume={21}, 
number={4}, 
pages={1223-1235}, 
}
@ARTICLE{Hussein2007,
  author = {Hussein, I. I. and Stipanovic, D. M.},
  title = {Effective Coverage Control for Mobile Sensor Networks With Guaranteed
	Collision Avoidance},
  journal = {IEEE Trans. on Control Systems Technology},
  year = {2007},
  volume = {15},
  pages = {642-657},
  number = {4},
  month = {Jul. },
  doi = {10.1109/TCST.2007.899155},
  issn = {1063-6536},
  keywords = {collision avoidance, mobile communication, multi-agent systems, sensors,
	telecommunication control, wireless sensor networkscollision avoidance,
	cooperative system, coverage control, mobile sensor agent, mobile
	sensor network, multiagent missions, multisensor systems}
}

% Journal: IEEE-ASME Transactions on Mechatronics
@article{Zhang2013,
Author = {Zhang, Guoxian and Fricke, Gregory K. and Garg, Devendra P.},
Title = {{Spill Detection and Perimeter Surveillance via Distributed Swarming
   Agents}},
Journal = {{IEEE-ASME} Transactions on Mechatronics},
Year = {{2013}},
Volume = {{18}},
Number = {{1}},
Pages = {{121-129}},
Month = {Feb},
}


% Journal: IEEE Transactions on Robotics and Automation (Robotics)
@ARTICLE{Batalin2007,
  author = {Batalin, M.A. and Sukhatme, G.S.},
  title = {The Design and Analysis of an Efficient Local Algorithm for Coverage and Exploration Based on Sensor Network Deployment},
  journal = {IEEE Transactions on Robotics},
  year = {2007},
  volume = {23},
  pages = {661-675},
  number = {4},
  month = {Aug.},
}


@ARTICLE{Cortes2004, 
author={Cortes, J. and Martinez, S. and Karatas, T. and Bullo, F.}, 
journal={IEEE Transactions on Robotics and Automation}, 
title={Coverage control for mobile sensing networks}, 
year={2004}, 
month={April}, 
volume={20}, 
number={2}, 
pages={243-255}, 
}

@ARTICLE{Beard2002,
  author = {Beard, R. W. and McLain, T. W. and Goodrich, M. A. and Anderson,
	E. P.},
  title = {{Coordinated Target Assignment and Intercept for Unmanned Air Vehicles}},
  journal = {IEEE Trans. on Robotics and Automation},
  year = {2002},
  volume = {18},
  pages = {911-922},
  timestamp = {2009.07.01}
}

% Journal: Journal of Dynamic Systems, Measurement and Control - Transactions of the ASME
@article{Spinello2014,
Author = {Davide Spinello and Daniel J. Stilwell},
Title = {{Distributed full-state observers with limited communication and application to cooperative target localization}},
Journal = {Journal of Dynamic Systems, Measurement and Control - Transactions of the ASME},
Year = {{2014}},
Volume = {{136}},
Number = {3},
}
@ARTICLE{Shima2007,
  author = {Shima, T. and Rasmussen, S. J. and Chandler, P.},
  title = {{UAV} Team Decision and Control Using Efficient Collaborative Estimation},
  journal = {Journal of Dynamical Systems, Measurements, and Control},
  year = {2007},
  volume = {129},
  pages = {609--619},
}



% Journal: SIAM Journal of Control and Optimization
@article{Lekien2009,
	Author = {Francois Lekien and Naomi Ehrich Leonard},
	Journal = {{SIAM} Journal of Control and Optimization},
	Month = {February},
	Number = {1},
	Pages = {351--372},
	Title = {Nonuniform Coverage and Cartograms},
	Volume = {48},
	Year = {2009}}

@ARTICLE{Ferrari2009,
  author = {S. Ferrari and R. Fierro and B. Perteet and C. Cai and K. Baumgartner},
  title = {A Geometric Optimization Approach to Detecting and Intercepting Dynamic Targets Using a Mobile Sensor Network},
  journal = {SIAM Journal on Control and Optimization},
  year = {2009},
  volume = {48},
  pages = {292-320},
  number = {1},
}

% Journal: SIAM J. Comput.

@ARTICLE{Arkin2005,
  author = {Arkin, E. M. and Bender, M. A. and Demaine, E. D. and Fekete, S.
	P. and Mitchell, J. S. B. and Sethia, S.},
  title = {{Optimal Covering Tours with Turn Costs}},
  journal = {SIAM J. Comput.},
  year = {2005},
  volume = {35},
  pages = {531--566},
  number = {3},
  address = {Philadelphia, PA, USA},
}


% Journal: International Journal of Control
@article{Guruprasad2013,
	Author = {K. R. Guruprasad and Debasish Ghose},
	Journal = {International Journal of Control},
	Month = {Jun.},
	Number = {6},
	Pages = {977--993},
	Title = {Heterogeneous Locational Optimization using a Generalized Voronoi Partition},
	Volume = {86},
	Year = {2013}}

% Journal: Advanced robotics
@article{Pimenta2013,
Author = {Pimenta, Luciano C. A. and Pereira, Guilherme A. S. and Goncalves,
   Mateus M. and Michael, Nathan and Turpin, Matthew and Kumar, Vijay},
Title = {{Decentralized controllers for perimeter surveillance with teams of
   aerial robots}},
Journal = {Advanced Robotics},
Year = {{2013}},
Volume = {{27}},
Number = {{9, SI}},
Pages = {{697-709}},
Month = {Jun},
DOI = {{10.1080/01691864.2013.778942}},
}

@ARTICLE{Acar2003,
  author = {Acar, E. U. and Choset, H. and Zhang, Y. and Schervish, M.},
  title = {{Path Planning for Robotic Demining: Robust Sensor-Based Coverage
	of Unstructured Environments and Probabilistic Methods}},
  journal = {The International Journal of Robotics Research},
  year = {2003},
  volume = {22},
  pages = {441-466},
  number = {7-8},
}

% Journal = Information Fusion

@article{Allouche2010,
Author = {Allouche, Mohamad K. and Boukhtouta, Abdeslem},
Title = {{Multi-agent coordination by temporal plan fusion: Application to combat search and rescue}},
Journal = {Information Fusion},
Year = {{2010}},
Volume = {{11}},
Number = {{3, SI}},
Pages = {{220-232}},
Month = {Jul},
}

% Journal: Automatica

@ARTICLE{Porfiri2007,
  author = {M. Porfiri and D. G. Roberson and D. J. Stilwell},
  title = {Tracking and Formation Control of Multiple Autonomous Agents: A Two-Level
	Consensus Approach},
  journal = {Automatica},
  year = {2007},
  volume = {43},
  pages = {1318-1328},
  number = {8},
  timestamp = {2007.07.09}
}


@ARTICLE{Martinez2006,
  author = {S. Mart\'{i}nez and F. Bullo},
  title = {Optimal Sensor Placement and Motion Coordination for Target Tracking},
  journal = {Automatica},
  year = {2006},
  volume = {42},
  pages = {661-668},
  number = {4}
}



%%%%%%%%%% CONFERENCE ARTICLE %%%%%%%%%%%%%%%%%%%%%%%%

@inproceedings{Lee2013,
	Author = { Sung G. Lee and Magnus Egerstedt},
	Booktitle = { IFAC Workshop on Distributed Estimation and Control in Networked Systems, Koblenz, Germany},
	Month = {sep.},
	Title = {Controlled Coverage Using Time-Varying Density Functions},
	Year = {2013}}

@inproceedings{Kitowski2012,
Author = {Kitowski, Zygmunt},
Editor = {{Kitowski, Z and Garus, J and Szymak, P}},
Title = {{Architecture of the Control System of an Unmanned Surface Vehicle in the
   Process of Harbour Protection}},
Booktitle = {Mechatronic Systems, Mechanics and Materials},
Series = {{Solid State Phenomena}},
Year = {{2012}},
Volume = {{180}},
Pages = {{20-26}},
}


@INPROCEEDINGS{Breitenmoser2010, 
author={Breitenmoser, A. and Schwager, M. and Metzger, J.-C. and Siegwart, R. and Rus, D.}, 
booktitle={IEEE International Conference on Robotics and Automation (ICRA)}, 
title={Voronoi coverage of non--convex environments with a group of networked robots}, 
year={2010}, 
month={May}, 
pages={4982-4989}, 
}

@INPROCEEDINGS{Caicedo-Nuez2008, 
author={Caicedo-Nuez, C.H. and Zefran, M.}, 
booktitle={IEEE Conference on Decision and Control}, 
title={A coverage algorithm for a class of non--convex regions}, 
year={2008}, 
month={Dec}, 
pages={4244-4249}, 
}


@inproceedings{Simetti2007,
Author = {Enrico Simetti and Matteo Cresta},
Title = {Towards the Use of a Team of {USV}s for Civilian Harbour Protection: the Problem of Intercepting Detected Menaces},
Booktitle = {IEEE OCEANS --Sydney},
Year = 	 {2007},
Pages = 	 {1--7},
Month = 	 {May},
Address = 	 {Sydney, NSW},
}

@inproceedings{Ahmadzadeh2007,
Author = {Ali Ahmadzadeh and Ali Jadbabaie and Vijay Kumar and George J. Pappas},
Title = {Dynamic coverage using receeding horizon control},
Booktitle = {Proceedings of European Control Conference},
Year = {2007}
}

@inproceedings{Ahmadzadeh2006,
Author = {Ali Ahmadzadeh and Ali Jadbabaie and Vijay Kumar and George J. Pappas},
Title = {An optimization-based approach to time-critical cooperative surveillance and coverage with unmanned aerial vehicles},
Booktitle = {International Symposium on Experimental Robotics},
Year = {2006}
}

@INPROCEEDINGS{Chung2006,
  author = {T. H. Chung and J. W. Burdick and R. M. Murray},
  title = {Decentralized Motion Control of Mobile Sensing Agents in a Network},
  booktitle = {Proceedings of the IEEE International Conference on Robotics and
	Automation},
  year = {2006},
  address = {Orlando, Florida},
  month = {May},
}

@INPROCEEDINGS{Simic2003,
  author = {Simic, S. and Sastry, S.},
  title = {Distributed environmental monitoring using random sensor networks},
  booktitle = {Proceeding of the 2nd International Workshop on Information Processing in Sensor Networks},
  year = {2003},
  pages = {582-592},
  address = {Palo Alto, CA}
}


@inproceedings{Cortes2002,
	Author = {Jorge Cortes and Sonia Martinez and Timur Karatas and Francesco Bullo},
	Booktitle = {10th Mediterranean Conference on Control and Automation},
	Title = {Coverage Control for Mobile Sensing Networks: Variations on a Theme},
	Volume = {1},
	Year = {2002}}

%%%%%% Books and references

@book{Bullo2009,
	Author = {Francesco Bullo and Jorge Cortes and Sonia Martinez},
	Date-Added = {2013-08-15 17:10:31 -0400},
	Date-Modified = {2013-08-15 17:10:31 -0400},
	Publisher = {Princeton University Press, Applied Mathematics Series},
	Title = {Distributed Control of Robotic Networks: A Mathematical Approach to Motion Coordination Algorithms},
	Year = {2009}}
	
@book{Okabe2000,
	Author = {Atsuyuki Okabe and Barry Boots and Kokichi Sugihara and Sung Nok Chiu},
	Date-Added = {2013-08-15 17:10:31 -0400},
	Date-Modified = {2013-08-15 17:10:31 -0400},
	Edition = {second},
	Publisher = {John Wiley \& Sons, LTM},
	Title = {Spatial Tessellations: Concepts and Applications of Voronoi Diagrams},
	Year = {2000}}