% Mobile robot localization

% Journal: IEEE Transactions on Control Systems Technology 
@ARTICLE{Martinelli2015-Robot, 
author={F. Martinelli}, 
journal={IEEE Transactions on Control Systems Technology}, 
title={A Robot Localization System Combining RSSI and Phase Shift in UHF-RFID Signals},
year={2015}, 
volume={23}, 
number={5}, 
pages={1782-1796},  
doi={10.1109/TCST.2014.2386777}, 
ISSN={1063-6536}, 
month={Sept},
}


@ARTICLE{DiGiampaolo2014, 
author={E. DiGiampaolo and F. Martinelli}, 
journal={IEEE Transactions on Industrial Electronics}, 
title={Mobile Robot Localization Using the Phase of Passive UHF RFID Signals}, 
year={2014}, 
volume={61}, 
number={1}, 
pages={365-376}, 
doi={10.1109/TIE.2013.2248333}, 
ISSN={0278-0046}, 
month={Jan},
}

% IEEE Transactions on Robotics
@ARTICLE{Song2012, 
author={D. Song and C. Y. Kim and J. Yi}, 
journal={IEEE Transactions on Robotics}, 
title={Simultaneous Localization of Multiple Unknown and Transient Radio Sources Using a Mobile Robot}, 
year={2012}, 
volume={28}, 
number={3}, 
pages={668-680}, 
doi={10.1109/TRO.2012.2183069}, 
ISSN={1552-3098}, 
month={June},}

% Robotics and Automation, 2004. Proceedings. ICRA '04. 2004 IEEE International Conference on
@INPROCEEDINGS{Hahnel2004, 
author={D. Hahnel and W. Burgard and D. Fox and K. Fishkin and M. Philipose}, 
booktitle={Robotics and Automation, 2004. Proceedings. ICRA '04. 2004 IEEE International Conference on}, 
title={Mapping and localization with RFID technology}, 
year={2004}, 
volume={1}, 
pages={1015-1020 Vol.1}, 
doi={10.1109/ROBOT.2004.1307283}, 
ISSN={1050-4729}, 
month={April},}

% IEEE Sensors Journal %% I could not find this anywhere to downlaod without paying but a similar version by one of the authors is on Google Drive
@ARTICLE{Hood2011, 
author={B. N. Hood and P. Barooah}, 
journal={IEEE Sensors Journal}, 
title={Estimating DoA From Radio-Frequency RSSI Measurements Using an Actuated Reflector}, 
year={2011}, 
volume={11}, 
number={2}, 
pages={413-417}, 
doi={10.1109/JSEN.2010.2070872}, 
ISSN={1530-437X}, 
month={Feb},}