@article{Huang2008,
title = "Dynamic Target Tracking Control for a Wheeled Mobile Robots Constrained by Limited Inputs",
journal = "IFAC Proceedings Volumes",
volume = "41",
number = "2",
pages = "3087 - 3091",
year = "2008",
note = "17th IFAC World Congress",
issn = "1474-6670",
doi = "https://doi.org/10.3182/20080706-5-KR-1001.00524",
url = "http://www.sciencedirect.com/science/article/pii/S147466701639423X",
author = "L. Huang and L. Tang",
keywords = "Mobile Robot, Control",}

@article{KD2007,
title = "Nonlinear formation control of unicycle-type mobile robots",
journal = "Robotics and Autonomous Systems",
volume = "55",
number = "3",
pages = "191 - 204",
year = "2007",
issn = "0921-8890",
doi = "https://doi.org/10.1016/j.robot.2006.09.001",
url = "http://www.sciencedirect.com/science/article/pii/S0921889006001618",
author = "K.D. Do and J. Pan",
keywords = "Formation, Path-tracking, Mobile robot, Nonlinear control, Output-feedback",}

@ARTICLE{Cren2017,
  author={C. {Ren} and L. {Chen} and C. L. P. {Chen}},
  journal={IEEE Transactions on Fuzzy Systems}, 
  title={Adaptive Fuzzy Leader-Following Consensus Control for Stochastic Multiagent Systems with Heterogeneous Nonlinear Dynamics}, 
  year={2017},
  volume={25},
  number={1},
  pages={181-190},}

@article{kober2013reinforcement,
  title={Reinforcement learning in robotics: A survey},
  author={Kober, Jens and Bagnell, J Andrew and Peters, Jan},
  journal={The International Journal of Robotics Research},
  volume={32},
  number={11},
  pages={1238--1274},
  year={2013},
  publisher={SAGE Publications Sage UK: London, England}
}
@book{smart2002,
  title={Making reinforcement learning work on real robots},
  author={Smart, William Donald},
  year={2002}
}
@inproceedings{michels2005,
  title={High speed obstacle avoidance using monocular vision and reinforcement learning},
  author={Michels, Jeff and Saxena, Ashutosh and Ng, Andrew Y},
  booktitle={Proceedings of the 22nd international conference on Machine learning},
  pages={593--600},
  year={2005}

}
@inproceedings{adekunle2016,
	Address = {Key Largo, Florida, USA},
	Author = {Adekunle  A. Adepegba and Suruz Miah and Davide Spinello},
	Booktitle = {The 29th International Florida Artificial Intelligence Research Society (FLAIRS)  Conference: Autonomous Robots and Agents},
	Month = {May},
	Title = {Multi-Agent Area Coverage Control using Reinforcement Learning},
	Year = {2016},
bib2html_pubtype = {Refereed Conference},
bib2html_rescat = {Area Coverage},
}
@inproceedings{miah2020,
  title={Model-Free Reinforcement Learning Approach for Leader-Follower Formation Using Nonholonomic Mobile Robots},
  author={Miah, Md Suruz and Elhussein, Amr and Keshtkar, Fazel and Abouheaf, Mohammed},
  booktitle={The Thirty-Third International Flairs Conference},
  year={2020}}

@INPROCEEDINGS{wei2018,
  author={Y. {Wei} and D. {Zhu} and Z. {Chu}},
  booktitle={2018 IEEE 8th International Conference on Underwater System Technology: Theory and Applications (USYS)}, 
  title={Underwater Dynamic Target Tracking of Autonomous Underwater Vehicle Based on MPC Algorithm}, 
  year={2018},
  volume={},
  number={},
  pages={1-5},}

@ARTICLE{liu2019,
  author={D. {Liu} and Y. {Zhao} and B. {Xu}},
  journal={IEEE Access}, 
  title={Tracking Algorithms Aided by the Pose of Target}, 
  year={2019},
  volume={7},
  number={},
  pages={9627-9633},}
}

