@article{Bucsoniu2010-Approximate,
  title={Approximate dynamic programming and reinforcement learning},
  author={Bu{\c{s}}oniu, Lucian and De Schutter, Bart and Babu{\v{s}}ka, Robert},
  journal={Interactive collaborative information systems},
  pages={3--44},
  year={2010},
  publisher={Springer}
}

% Journal IEEE Trans. on Cybernetics
@article{Heydari2014-Revisiting,
  author  = {Ali Heydari}, 
  title   = {Revisiting approximate dynamic programming and its convergence},
  journal = {IEEE Transactions on Cybernetics},
  year    = {2014},
  pages   = {2733--2743},
  month   = {12},
  volume  = {48}
}

@ARTICLE{Al-Tamimi2008-Discrete, 
author={A. Al-Tamimi and F. L. Lewis and M. Abu-Khalaf}, 
journal={IEEE Transactions on Systems, Man, and Cybernetics, Part B (Cybernetics)}, 
title={Discrete-Time Nonlinear HJB Solution Using Approximate Dynamic Programming: Convergence Proof}, 
year={2008}, 
volume={38}, 
number={4}, 
pages={943-949}, 
month={Aug},}


%%%%%%%%%% CONFERENCE ARTICLE %%%%%%%%%%%%%%%%%%%%%%%%

@inproceedings{Lee2013,
	Author = { Sung G. Lee and Magnus Egerstedt},
	Booktitle = { IFAC Workshop on Distributed Estimation and Control in Networked Systems, Koblenz, Germany},
	Month = {sep.},
	Title = {Controlled Coverage Using Time-Varying Density Functions},
	Year = {2013}}



%%%%%% Books and references

@book{Lewis2013-Reinforcement,
  title={Reinforcement learning and approximate dynamic programming for feedback control},
  author={Lewis, Frank L and Liu, Derong},
  volume={17},
  year={2013},
  publisher={John Wiley \& Sons}
}

@book{Jagannathan2006-Neural,
  title={Neural network control of nonlinear discrete-time systems},
  author={Sarangapani Jagannathan},
  volume={21},
  year={2006},
  publisher={CRC press}
}