% Mobile robot localization

% Journal: IEEE Transactions on Control Systems Technology 
@ARTICLE{Martinelli2015, 
author={F. Martinelli}, 
journal={IEEE Transactions on Control Systems Technology}, 
title={A Robot Localization System Combining RSSI and Phase Shift in UHF-RFID Signals},
year={2015}, 
volume={23}, 
number={5}, 
pages={1782-1796},  
doi={10.1109/TCST.2014.2386777}, 
ISSN={1063-6536}, 
month={Sept},
}

@ARTICLE{DiGiampaolo2014, 
author={E. DiGiampaolo and F. Martinelli}, 
journal={IEEE Transactions on Industrial Electronics}, 
title={Mobile Robot Localization Using the Phase of Passive UHF RFID Signals}, 
year={2014}, 
volume={61}, 
number={1}, 
pages={365-376}, 
doi={10.1109/TIE.2013.2248333}, 
ISSN={0278-0046}, 
month={Jan},
}

% IEEE Transactions on Robotics
@ARTICLE{Song2012, 
author={D. Song and C. Y. Kim and J. Yi}, 
journal={IEEE Transactions on Robotics}, 
title={Simultaneous Localization of Multiple Unknown and Transient Radio Sources Using a Mobile Robot}, 
year={2012}, 
volume={28}, 
number={3}, 
pages={668-680}, 
doi={10.1109/TRO.2012.2183069}, 
ISSN={1552-3098}, 
month={June},}

% Robotics and Automation, 2004. Proceedings. ICRA '04. 2004 IEEE International Conference on
@INPROCEEDINGS{Hahnel2004, 
author={D. Hahnel and W. Burgard and D. Fox and K. Fishkin and M. Philipose}, 
booktitle={Robotics and Automation, 2004. Proceedings. ICRA '04. 2004 IEEE International Conference on}, 
title={Mapping and localization with RFID technology}, 
year={2004}, 
volume={1}, 
pages={1015-1020 Vol.1}, 
doi={10.1109/ROBOT.2004.1307283}, 
ISSN={1050-4729}, 
month={April},}

% IEEE Sensors Journal %% I could not find this anywhere to downlaod without paying but a similar version by one of the authors is on Google Drive
@ARTICLE{Hood2011, 
author={B. N. Hood and P. Barooah}, 
journal={IEEE Sensors Journal}, 
title={Estimating DoA From Radio-Frequency RSSI Measurements Using an Actuated Reflector}, 
year={2011}, 
volume={11}, 
number={2}, 
pages={413-417}, 
doi={10.1109/JSEN.2010.2070872}, 
ISSN={1530-437X}, 
month={Feb},}

% Patent 9,491,588
@patent{biehl,
  author        = "Jacob Biehl and Matthew L. Cooper and
                   Gerald Filby",
  assignee      = "FUJI XEROX CO., LTD.",
  address       = "Tokyo, JP",
  title         = "Systems and Methods For Mobile Device Location Verification Using beacons",
  nationality   = "United States",
  number        = "9491588",
  dayfiled      = "7",
  monthfiled    = jun,
  yearfiled     = "2015",
  day           = "8",
  month         = nov,
  year          = "2016"
}

% Patent 9,442,177
@patent{lin,
  author        = "Chuan-Kai Lin and Hsuan-Po Chen and Yu-Lun Ting and Sheng-Chih Hsu and                       Chang-Wan Chen",
  assignee      = "KINPO ELECTRONICS, INC. and CAL-COMP ELECTRONICS & COMMUNICATIONS COMPANY                    LIMITED",
  address       = "New Taipei, TW",
  title         = "Indoor Robot and Method for Indoor Robot Positioning",
  nationality   = "United States",
  number        = "9442177",
  dayfiled      = "21",
  monthfiled    = jul,
  yearfiled     = "2014",
  day           = "13",
  month         = sep,
  year          = "2016"
}

% Patent 5,682,313
@patent{edlund,
  author        = "Leif Edlund and Rolf Berlin and Charles R. Davidsson",
  assignee      = "Aktiebolaget Electrolux",
  address       = "Stockholm, SE",
  title         = "Method for Localization of Beacons for An Autonomous Device",
  nationality   = "United States",
  number        = "5682313",
  dayfiled      = "5",
  monthfiled    = jun,
  yearfiled     = "1995",
  day           = "28",
  month         = oct,
  year          = "1997"
}

% Patent 9,383,441
@patent{younis,
  author        = "Saed G. Younis",
  assignee      = "Younis Technologies, Inc.",
  address       = "San Diego, CA",
  title         = " Indoor Position Location Using Delayed Scanned Directional Reflectors",
  nationality   = "United States",
  number        = "9383441",
  dayfiled      = "25",
  monthfiled    = aug,
  yearfiled     = "2015",
  day           = "5",
  month         = jul,
  year          = "2016"
}

% in proceedings
@INPROCEEDINGS{Malyavej2013, 
author={V. Malyavej and W. Kumkeaw and M. Aorpimai},
booktitle={2013 10th International Conference on Electrical Engineering/Electronics, Computer, Telecommunications and Information Technology}, 
title={Indoor robot localization by RSSI/IMU sensor fusion}, 
year={2013}, 
pages={1-6},  
doi={10.1109/ECTICon.2013.6559517}, 
month={May},}

%%%
@INPROCEEDINGS{Beaudeau2015, 
author={J. Beaudeau and M. F. Bugallo and P. M. Djurić}, 
booktitle={2015 IEEE International Conference on Acoustics, Speech and Signal Processing (ICASSP)}, 
title={On optimal mobile RSSI-sensor positioning for multi target tracking}, 
year={2015}, 
volume={}, 
number={}, 
pages={4025-4029}, 
keywords={RSSI;mobile communication;multi-agent systems;sensor placement;target tracking;MTT;RSSI based measurements;TOI information;interference sources;multi target tracking;multi-agent distributed tracking system;multiple-target-tracking;optimal mobile sensor configuration;optimality criterion;received-signal-strength-indicator based measurements;sensor placement;suboptimal solution yielding competitive performance;target of interest;Power measurement;Robot sensing systems;RSSI-based target tracking;mobile sensors;multiple target tracking;sensor positioning}, 
doi={10.1109/ICASSP.2015.7178727}, 
ISSN={1520-6149}, 
month={April},}

%%%
@INPROCEEDINGS{Sun2008, 
author={Y. Sun and J. Xiao and X. Li and F. Cabrera-Mora}, 
booktitle={IEEE GLOBECOM 2008 - 2008 IEEE Global Telecommunications Conference}, 
title={Adaptive Source Localization by a Mobile Robot Using Signal Power Gradient in Sensor Networks}, 
year={2008}, 
volume={}, 
number={}, 
pages={1-5}, 
keywords={mobile robots;target tracking;wireless sensor networks;adaptive source localization;location-unknown sensor;mobile robot;motion errors;sensor networks;signal power gradient;signal strength;signal to noise ratio;target tracking;Geophysical measurements;Mobile robots;Motion measurement;Power measurement;Robot sensing systems;Service robots;Signal to noise ratio;Sun;Surveillance;Target tracking}, 
doi={10.1109/GLOCOM.2008.ECP.12}, 
ISSN={1930-529X}, 
month={Nov},}

%%%
@ARTICLE{Santoso2015, 
author={F. Santoso}, 
journal={IEEE Transactions on Systems, Man, and Cybernetics: Systems}, 
title={A New Framework for Rapid Wireless Tracking Verifications Based on Optimized Trajectories in Received Signal Strength Measurements}, 
year={2015}, 
volume={45}, 
number={11}, 
pages={1424-1436}, 
keywords={RSSI;mobile robots;optimisation;particle filtering (numerical methods);radio transceivers;radionavigation;Cramer-Rao lower bounds;centralized coordinated motion algorithm;distributed protocol;gradient vectors;heuristic approach;mobile robots;optimized trajectory;particle filters;position estimation;rapid wireless tracking verification;received signal strength measurements;suboptimal approach;Base stations;Intrusion detection;Mathematical model;Robot kinematics;Trajectory;Wireless communication;Particle filters;intrusion detections;networked multi-robot systems;target tracking}, 
doi={10.1109/TSMC.2015.2398834}, 
ISSN={2168-2216}, 
month={Nov},}

% Mobile robots in agriculture
@INPROCEEDINGS{Durmus2015, 
author={H. Durmuş and E. O. Güneş and M. Kırcı and B. B. Üstündağ}, 
booktitle={2015 Fourth International Conference on Agro-Geoinformatics (Agro-geoinformatics)}, 
title={The design of general purpose autonomous agricultural mobile-robot: AGROBOT}, 
year={2015}, 
volume={}, 
number={}, 
pages={49-53}, 
keywords={agricultural engineering;cloud computing;industrial robots;mobile robots;telerobotics;Agrobot;Environmental Agriculture Informatics Applied Research Center;TARBIL cloud services;actuators;communication system;control system;drivers;durability;energy management system;general purpose autonomous agricultural mobile-robot;high volume manufacturing;reliability;robot unit cost;sensors;task management system;Agriculture;Batteries;Computers;Mobile robots;Robot sensing systems;TARBIL;autonomous mobile robot;precision agriculture}, 
doi={10.1109/Agro-Geoinformatics.2015.7248088}, 
ISSN={}, 
month={July},}

% Mobile robots in industry
@INPROCEEDINGS{Roberts2007, 
author={J. Roberts and A. Tews and C. Pradalier and K. Usher}, 
booktitle={Proceedings 2007 IEEE International Conference on Robotics and Automation}, 
title={Autonomous Hot Metal Carrier - Navigation and Manipulation with a 20 tonne industrial vehicle}, 
year={2007}, 
volume={}, 
number={}, 
pages={2770-2771}, 
keywords={fork lift trucks;industrial robots;manipulators;metallurgy;mobile robots;navigation;aluminium smelters;autonomous hot metal carrier;autonomous navigation;forklift-type vehicle;industrial vehicle;manipulation;materials handling;molten metal;Aluminum;Communication system control;Global Positioning System;Materials handling;Metals industry;Mobile robots;Navigation;Remotely operated vehicles;Satellites;Smelting}, 
doi={10.1109/ROBOT.2007.363888}, 
ISSN={1050-4729}, 
month={April},}

% Mobile robots in the home (roomba)
@INPROCEEDINGS{Elara2014, 
author={M. R. Elara and N. Rojas and A. Chua}, 
booktitle={2014 IEEE International Conference on Robotics and Automation (ICRA)}, 
title={Design principles for robot inclusive spaces: A case study with Roomba}, 
year={2014}, 
volume={}, 
number={}, 
pages={5593-5599}, 
keywords={assisted living;service robots;Roomba;accessibility;activity;design for robots;design principles;observability;residential floor cleaning robot;robot inclusive spaces;safety;service robots;Cleaning;Floors;Robot sensing systems;Safety;Service robots}, 
doi={10.1109/ICRA.2014.6907681}, 
ISSN={1050-4729}, 
month={May},}

% Mobile target tracking
@ARTICLE{Xu2013, 
author={E. Xu and Z. Ding and S. Dasgupta}, 
journal={IEEE Transactions on Mobile Computing}, 
title={Target Tracking and Mobile Sensor Navigation in Wireless Sensor Networks}, 
year={2013}, 
volume={12}, 
number={1}, 
pages={177-186}, 
keywords={approximation theory;minimax techniques;mobile radio;radionavigation;target tracking;time-of-arrival estimation;wireless sensor networks;TOA measurement;cubic function;location estimation;min-max approximation approach;mobile sensor controller;mobile sensor navigation;mobile target tracking;semidefinite programming;signal reception;time of arrival;weighted tracking algorithm;wireless sensor network;Mobile communication;Mobile computing;Navigation;Noise;Robot sensing systems;Target tracking;Mobile sensor navigation;TOA;weighted tracking}, 
doi={10.1109/TMC.2011.262}, 
ISSN={1536-1233}, 
month={Jan},}

@INPROCEEDINGS{Yang2014, 
author={V. Malyavej and W. Kumkeaw and M. Aorpimai},
booktitle={Wireless Sensor Networks. Signals and Communication Technology}, 
title={Mobile Target Localization and Tracking}, 
year={2014}, 
pages={1-6},  
month={May},}

% Static target tracking
@INPROCEEDINGS{Fernando2015, 
author={T. Fernando and H. Gammulle and C. Walgampaya}, 
booktitle={2015 IEEE International Conference on Computational Intelligence and Virtual Environments for Measurement Systems and Applications (CIVEMSA)}, 
title={Fuzzy logic based mobile robot target tracking in dynamic hostile environment}, 
year={2015}, 
volume={}, 
number={}, 
pages={1-6}, 
keywords={collision avoidance;fuzzy control;image colour analysis;mobile robots;robot vision;robust control;target tracking;colour information;computer vision based sensing mechanism;dynamic hostile environment;mobile robot target tracking;navigation control method;obstacle avoidance;path planning;robust fuzzy logic control;Fuzzy logic;Image color analysis;Mobile robots;Navigation;Robot sensing systems;Target tracking;fuzzy logic control;mobile robot target tracking;obstacle avoidance}, 
doi={10.1109/CIVEMSA.2015.7158609}, 
ISSN={2377-9314}, 
month={June},}

% Previous year's work
@ARTICLE{MiKnHe2017-J1-EarlyAccess, 
author={M. S. Miah and J. Knoll and K. Hevrdejs}, 
journal={IEEE Transactions on Industrial Informatics}, 
title={Intelligent Range-Only Mapping and Navigation for Mobile Robots}, 
year={2017}, 
volume={PP}, 
number={99}, 
pages={1-1}, 
keywords={Hardware;Mobile robots;Motion control;Radio navigation;Simultaneous localization and mapping;Extended Kalman filter;fuzzy logic;localization;mapping;mobile robots;motion control;wireless sensor network}, 
doi={10.1109/TII.2017.2780247}, 
ISSN={1551-3203}, 
month={},
}

@techreport{HevrdejsKnoll2017-Indoor,
     title = {Indoor Robot Localization and Mapping Using ZigBee Radio Technology},
     author = {Kyle Hevrdejs and Jacob Knoll},
     year = {2017},
     institution = {Bradley University, Department of Electrical and Computer Engineering},
     month = {May}
}


@phdthesis{Berzan2015-Monte,
  title={Monte Carlo Methods for SLAM with Data Association Uncertainty},
  author={Constantin Berzan and Stuart J Russell},
  year={2015},
  school={Department of Electrical Engineering and Computer Sci-ences, University of California at Berkeley}
}

