%%Automatica%%
@ARTICLE{Aguiar2008,
  title = {Performance limitations in reference tracking and path following for nonlinear systems},
  author = {Aguiar, A. P. and Hespanha, J. and Kokotovic, P. V.},
  journal = {Automatica},
  year = {2008},
  volume = {44},
  number = {3},
  pages = {598--610},
  month = mar
}
@article{Mayne2000,
    title = {Constrained model predictive control: stability and optimality},
    author = {D. Q. Mayne and J. B. Rawlings and C. V. Rao and P. O. M. Scokaert},
    journal = {Automatica},
    month = jun,
    pages = {789--814},
    volume = {36},
    number = {6},
    year = {2000}
}


%%Automation and Remote Control%%
@ARTICLE{Sokolov2003,
  title = {Adaptive suboptimal tracking for a first-order object under Lipschitz uncertainty},
  author = {Sokolov, V. F.},
  journal = {Automation and Remote Control},
  year = {2003},
  volume = {64},
  number = {3},
  pages = {457--67},
  month = mar
}

%%Control Engineering Practice%%
@ARTICLE{Kim2005,
  title = {Nonlinear robust control of a hydraulic elevator: experiment-based modeling and two-stage Lyapunov redesign},
  author = {Chang-Sei Kim and Keum-Shik Hong and Moon-Ki Kim},
  journal = {Control Engineering Practice},
  year = {2005},
  volume = {13},
  number = {6},
  pages = {789--803},
  month = jun
}
%%Dynamic Systems and Applications%%
@ARTICLE{Ahmed2007,
  title = {Differential Inclusions Operator Valued Measures and Optimal Control},
  author = {Nasir Uddin Ahmed},
  journal = {Dynamic Systems and Applications},
  year = {2007},
  volume = {16},
  number = {1},
  pages = {13--36},
  month = aug,
}

%%Differential Geometric Control Theory%%
@ARTICLE{Brockett1983,
  title = {Asymptotic stability and feedback stabilization},
  author = {R. W. Brockett},
  journal = {Differential Geometric Control Theory},
  year = {1983},
  pages = {181--191},
}


%%IEEE Transactions on Automatic Control%%
@ARTICLE{Graichen2010, 
author={K. Graichen and A. Kugi}, 
journal={IEEE Transactions on Automatic Control}, 
title={Stability and Incremental Improvement of Suboptimal MPC Without Terminal Constraints}, 
year={2010}, 
month={nov.}, 
volume={55}, 
number={11}, 
pages={2576--2580}, 
}

@ARTICLE{Liuzzo2007, 
author={Stefano Liuzzo and Riccardo Marino and Patrizio Tomei}, 
journal={IEEE Transactions on Automatic Control}, 
title={Adaptive Learning Control of Nonlinear Systems by Output Error Feedback}, 
year={2007}, 
month={july }, 
volume={52}, 
number={7}, 
pages={1232 -1248}
}

@ARTICLE{Luo2005, 
author={Wencheng Luo and Yun-Chung Chu and Keck-Voon Ling}, 
journal={IEEE Transactions on Automatic Control}, 
title={Inverse optimal adaptive control for attitude tracking of spacecraft}, 
year={2005}, 
month={nov.}, 
volume={50}, 
number={11}, 
pages={ 1639--1654}
}

@ARTICLE{Sokolov2003-1, 
author={Sokolov, V.F.}, 
journal={IEEE Transactions on Automatic Control},
title={Adaptive suboptimal tracking for the first-order plant with Lipschitz uncertainty}, 
year={2003}, 
month={april}, 
volume={48}, 
number={4}, 
pages={ 607--612}
}

@ARTICLE{Fontes2003-1,
  title = {Min--Max Model Predictive Control of Nonlinear Systems Using Discontinuous Feedbacks},
  author = {Fernando A. C. C. Fontes and Lalo Magni},
  journal = {IEEE Transactions on Automatic Control}, 	
  year = {2003},
  volume = {48},
  number = {10},
  pages = {1750--1755},
  month = oct
}


@ARTICLE{Kothare2000, 
author={S.L. de Oliveira Kothare and M. Morari}, 
journal={IEEE Transactions on Automatic Control}, 
title={Contractive model predictive control for constrained nonlinear systems}, 
year={2000}, 
month={jun}, 
volume={45}, 
number={6}, 
pages={1053--1071}, 
}

@ARTICLE{Rajamani1998, 
author={Rajesh Rajamani}, 
journal={IEEE Transactions on Automatic Control}, 
title={Observers for Lipschitz nonlinear systems}, 
year={1998}, 
month={mar}, 
volume={43}, 
number={3}, 
pages={397--401},  
}

@ARTICLE{Hong1997, 
author={Keum-Shik Hong}, 
journal={IEEE Transactions on Automatic Control}, 
title={Asymptotic behavior analysis of a coupled time-varying system: application to adaptive systems}, 
year={1997}, 
month={dec}, 
volume={42}, 
number={12}, 
pages={1693 -1697}
}


@ARTICLE{Hong1994, 
author={Keum-Shik Hong and Jinn-Wen Wu and Kyo-Il Lee}, 
journal={IEEE Transactions on Automatic Control}, 
title={New conditions for the exponential stability of evolution equations }, 
year={1994}, 
month={jul}, 
volume={39}, 
number={7}, 
pages={1432 -1436}
}

@ARTICLE{Bloch1992, 
author={A. M. Bloch and M. Reyhanoglu and N. H. McClamroch}, 
journal={IEEE Transactions on Automatic Control}, 
title={Control and stabilization of nonholonomic dynamic systems}, 
year={1992}, 
volume={37}, 
number={11}, 
pages={1746-1757}, 
doi={10.1109/9.173144}, 
ISSN={0018-9286}, 
month={Nov},
}

%%IEEE Transactions on Fuzzy Systems%%
@ARTICLE{Lian2006, 
author={Kuang-Yow Lian and Jeih-Jang Liou}, 
journal={IEEE Transactions on Fuzzy Systems}, 
title={Output Tracking Control for Fuzzy Systems Via Output Feedback Design}, 
year={2006}, 
month={oct.}, 
volume={14}, 
number={5}, 
pages={628 -639}
}

%% IEEE Transactions on Neural Networks
@ARTICLE{Huaguang2011, 
author={Zhang Huaguang and  Cui Lili and Zhang Xin and Luo Yanhong}, 
journal={IEEE Transactions on Neural Networks}, 
title={Data-Driven Robust Approximate Optimal Tracking Control for Unknown General Nonlinear Systems Using Adaptive Dynamic Programming Method}, 
year={2011}, 
volume={22}, 
number={12}, 
pages={2226--2236}, 
month={Dec}
}



%%IEEE Transactions on System, Man, and Cybernetics, Part B--Cybernetics,%%
@ARTICLE{Huaguang2013, 
author={Zhang Huaguang and Cui Lili and Luo Yanhong}, 
journal={IEEE Transactions on Cybernetics}, 
title={Near-Optimal Control for Nonzero-Sum Differential Games of Continuous-Time Nonlinear Systems Using Single-Network ADP}, 
year={2013}, 
volume={43}, 
number={1}, 
pages={206-216},  
month={Feb}
}


@ARTICLE{Huaguang2008, 
author={Zhang Huaguang}, 
journal={IEEE Transactions on System, Man, and Cybernetics, Part B--Cybernetics}, 
title={A novel infinite-time optimal tracking control scheme for
a class of discrete-time nonlinear systems via the greedy HDP iteration algorithm}, 
year={2008}, 
volume={38}, 
number={4}, 
pages={937--942}
}


%%International Journal of Control, Automation, and Systems

@article{Li2013,
	Author = {Zhijun Li and Kun Yang and Stjepan Bogdan and Bugong Xu},
	Journal = {International Journal of Control, Automation, and Systems},
	Month = {December},
	Number = {6},
	Pages = {1266--1275},
	Title = {On Motion Optimization of Robotic Manipulators with Strong Nonlinear Dynamic Coupling using Support Area Level Set Algorithm
},
	Volume = {11},
	Year = {2013}}

@article{Zhu2013,
	Author = {Bing Zhu and Wei Huo},
	Journal = {International Journal of Control, Automation, and Systems},
	Keywords = {Flight control, nonlinear control, trajectory linearization control, trajectory-tracking, unmanned helicopter},
	Month = {December},
	Number = {2},
	Pages = {286--295},
	Title = {Trajectory Linearization Control for a Miniature Unmanned Helicopter},
	Volume = {11},
	Year = {2013}}


@article{Liu2010,
	Author = {Shi-Qian Liu and Jun-Guo Lu and Zhong-Liang Jing},
	Date-Added = {2013-05-09 21:24:44 -0400},
	Date-Modified = {2013-05-09 21:27:30 -0400},
	Journal = {International Journal of Control, Automation, and Systems},
	Keywords = {Output tracking, trajectory linearization, unmanned tandem helicopter, variance- constrained control},
	Month = {May},
	Number = {6},
	Pages = {1257--1270},
	Title = {Trajectory Linearization Based Output Tracking Control of an Unmanned Tandem Helicopter with Variance Constraints},
	Volume = {8},
	Year = {2010}}
	
@article{Lee2009,
	Author = {Daewon Lee and H. Jin Kim and Shankar Sastry},
	Journal = {International Journal of Control, Automation, and Systems},
	Keywords = {Feedback linearization, sliding mode control, UAV, quadrotor helicopter},
	Number = {3},
	Pages = {419--428},
	Title = {Feedback Linearization vs. Adaptive Sliding Mode Control for a Quadrotor Helicopter},
	Volume = {7},
	Year = {2009}}

%%International Journal of Robust and Nonlinear Control%%
@ARTICLE{Fontes2003,
  title = {Discontinuous feedbacks, discontinuous optimal controls, and continuous-time model predictive control},
  author = {Fontes, F. A. C. C.},
  journal = {International Journal of Robust and Nonlinear Control},
  year = {2003},
  volume = {13},
  number = {3},
  pages = {191--209},
  month = mar
}

%%Journal of Optimization Theory and Applications%%
@ARTICLE{Keerthi1988,
  title = {Optimal infinite-horizon feedback laws for a general class of constrained discrete-time systems: stability and moving-horizon approximations},
  author = {Keerthi, S. S. and Gilbert, E. G.},
  journal = {Journal of Optimization Theory and Applications},
  year = {1988},
  volume = {57},
  number = {2},
  pages = {265--93},
  month = may,
  ISSN = {0022-3239},
}


%%Journal of Process Control

@ARTICLE{Nagy2004,
  title = {Open-loop and closed-loop robust optimal control of batch processes using distributional and worst-case analysis},
  author = {Zoltan K. Nagy and Richard D. Braatz},
  journal = {Journal of Process Control},
  year = {2004},
  volume = {14},
  number = {1},
  pages = {411--422},
  month = jul
}


@ARTICLE{Wang2004,
  title = {A new robust model predictive control method I: theory and computation},
  author = {Yiyang Jenny Wang , James B. Rawlings},
  journal = {Journal of Process Control},
  year = {2004},
  volume = {14},
  number = {1},
  pages = {231--247},
  month = nov
}

%%Nonlinear Analysis%%
@ARTICLE{Sun2007,
  title = {State feedback and output feedback control of a class of nonlinear systems with delayed measurements},
  author = {Jian Sun and G.P. Liu},
  journal = {Nonlinear Analysis},
  year = {2007},
  volume = {67},
  number = {5},
  pages = {1623--1636},
  month = sep,
}


@article{Rehman2005,
author="Fazal-ur-Rehman",
title = "Steering control of nonholonomic systems with drift: The extended nonholonomic double integrator example ",
journal = "Nonlinear Analysis: Theory, Methods \& Applications ",
volume = "62",
number = "8",
pages = "1498--1515",
year = "2005",
note = "Hybrid Systems and Applications",
}


%%Nonlinear Analysis: Real World Applications%%
@article{Rehan2011,
title = "Stabilization and tracking control for a class of nonlinear systems",
author = "Muhammad Rehan and Keum-Shik Hong and Shuzhi Sam Ge",
journal = "Nonlinear Analysis: Real World Applications",
volume = "12",
number = "3",
pages = "1786--1796",
year = "2011",
}


@ARTICLE{Wei2010,
  title = {Controlling chaos in space-clamped FitzHugh–Nagumo neuron by adaptive passive method},
  author = {Du Qu Wei and Xiao Shu Luo and Bo Zhang and Ying Hua Qin},
  journal = {Nonlinear Analysis: Real World Applications},
  year = {2010},
  volume = {11},
  number = {3},
  pages = {1752--1759},
  month = jun,
}





%%



@phdthesis{Astolfi1996,
    author = "Alessandro Astolfi",
    title = "Asymptotic stabilization of nonholonomic systems with discontinuous control",
    school = "Automatic Control Laboratory",
    address = "Swiss Federal Institute Technology, Zurich, Switzerland",
    number = "10983",
    year = "1996"
}





@INPROCEEDINGS{Ge1999, 
author={S.S. Ge and C. Wang}, 
booktitle={Intelligent Control/Intelligent Systems and Semiotics, 1999. Proceedings of the 1999 IEEE International Symposium on}, 
title={Adaptive control of uncertain Chua's circuits}, 
year={1999}, 
month={}, 
volume={}, 
number={}, 
pages={126 -131}, 
keywords={adaptive control;asymptotic stability;backstepping;closed-loop system;feedback;nonlinear systems;tracking;tuning;uncertain Chua circuits;Chua's circuit;adaptive control;asymptotic stability;closed loop systems;feedback;nonlinear systems;tuning;uncertain systems;}, 
}

@incollection {Allgower1999,
   author = {F. Allgower and T. A Badgwell and S. J Qin and J. B Rawlings and S. J Wright},
   title = {Nonlinear predictive control and moving horizon estimation-an introductory overview},
   booktitle = {Advances in Control, Hightlights of ECC'99},
   editor = {P. M. Frank},
   publisher = {New York: Springer},
   pages = {391--449},
   year = {1999}
}

@incollection {Diehl2009,
   author = {M. Diehl and H. Ferreau and N. Haverbeke},
   title = {Efficient numerical methods for nonlinear MPC and moving horizon estimation},
   booktitle = {Nonlinear Model Predictive Control-Towards New Challenging Applications},
   editor = {L. Magni, D. Raimondo and F. Allgower},
   publisher = {New York: Springer},
   pages = {391--417},
   year = {2000}
}
