% Mobile robot localization

% Journal: IEEE Transactions on Consumer Electronics
@ARTICLE{Cheng2011, 
author={L. Cheng and C. d. Wu and Y. z. Zhang}, 
journal={IEEE Trans. Consum. Electron.}, 
title={Indoor robot localization based on wireless sensor networks}, 
year={2011}, 
volume={57}, 
number={3}, 
pages={1099-1104}, 
doi={10.1109/TCE.2011.6018861}, 
ISSN={0098-3063}, 
month={August},}

% Journal: IEEE Transactions on Control Systems Technology 

@ARTICLE{DiGiampaolo2014, 
author={E. DiGiampaolo and F. Martinelli}, 
journal={IEEE Trans. Ind. Electron.}, 
title={Mobile Robot Localization Using the Phase of Passive UHF RFID Signals}, 
year={2014}, 
volume={61}, 
number={1}, 
pages={365-376}, 
doi={10.1109/TIE.2013.2248333}, 
ISSN={0278-0046}, 
month={Jan},}

% IEEE Transactions on Robotics
@ARTICLE{Song2012, 
author={D. Song and C. Y. Kim and J. Yi}, 
journal={IEEE Trans. Rob.}, 
title={Simultaneous Localization of Multiple Unknown and Transient Radio Sources Using a Mobile Robot}, 
year={2012}, 
volume={28}, 
number={3}, 
pages={668-680}, 
doi={10.1109/TRO.2012.2183069}, 
ISSN={1552-3098}, 
month={June},}

% Robotics and Automation, 2004. Proceedings. ICRA '04. 2004 IEEE International Conference on


% IEEE Sensors Journal
@ARTICLE{Hood2011, 
author={B. N. Hood and P. Barooah}, 
journal={IEEE Sens. J.}, 
title={Estimating DoA From Radio-Frequency RSSI Measurements Using an Actuated Reflector}, 
year={2011}, 
volume={11}, 
number={2}, 
pages={413-417}, 
doi={10.1109/JSEN.2010.2070872}, 
ISSN={1530-437X}, 
month={Feb},}

% Journal: IEEE Transactions on Vehicular technology
@ARTICLE{Tomic2015, 
author={S. Tomic and M. Beko and R. Dinis}, 
journal={IEEE Trans. on Veh. Technol.}, 
title={RSS-Based Localization in Wireless Sensor Networks Using Convex Relaxation: Noncooperative and Cooperative Schemes}, 
year={2015}, 
volume={64}, 
number={5}, 
pages={2037-2050}, 
doi={10.1109/TVT.2014.2334397}, 
ISSN={0018-9545}, 
month={May},}

% Conference on Wireless Communications in Underground and Confined Areas
@INPROCEEDINGS{Dong2012, 
author={Qian Dong and W. Dargie}, 
booktitle={Int. Conf. on Wirel. Commun. in Underground and Confined Areas}, 
title={Evaluation of the reliability of RSSI for indoor localization}, 
year={2012}, 
pages={1-6},  
doi={10.1109/ICWCUCA.2012.6402492}, 
month={Aug},}

@INPROCEEDINGS{Alhmiedat2014, 
author={T. Alhmiedat and F. Omar and A. Abu Taleb}, 
booktitle={2014 6th Int. Conf. on Comput. Sci. and Inf. Technol. (CSIT)}, 
title={A hybrid tracking system for ZigBee WSNs}, 
year={2014}, 
pages={71-74},  
doi={10.1109/CSIT.2014.6805981}, 
month={March},}

@INPROCEEDINGS{Challa2005, 
author={S. Challa and F. Leipold and S. K. Deshpande and M. Liu}, 
booktitle={2005 International Conference on Intelligent Sensors, Sensor Networks and Information Processing}, 
title={Simultaneous Localization and Mapping in Wireless Sensor Networks}, 
year={2005}, 
pages={81-87},  
doi={10.1109/ISSNIP.2005.1595560}, 
month={Dec},}