@ARTICLE{Barto1983-Neuronlike, 
author={A. G. {Barto} and R. S. {Sutton} and C. W. {Anderson}}, 
journal={IEEE Transactions on Systems, Man, and Cybernetics}, 
title={Neuronlike adaptive elements that can solve difficult learning control problems}, 
year={1983}, 
volume={SMC-13}, 
number={5}, 
pages={834-846}, 
keywords={adaptive control;learning systems;neural nets;neural nets;adaptive control;neuronlike adaptive elements;learning control problem;movable cart;associative search element;adaptive critic element;animal learning studies;Adaptive systems;Problem-solving;Training;Pattern recognition;Neurons;Supervised learning;Biological neural networks}, 
doi={10.1109/TSMC.1983.6313077}, 
ISSN={0018-9472}, 
month={Sep.},}


@BOOK{Francois-Lavet:2018,
AUTHOR =       "Vincent Fran√ßois-Lavet and Riashat Islam and Joelle Pineau and Peter Henderson and Marc G. Bellemare",
TITLE =        "An Introduction to Deep Reinforcement Learning",
PUBLISHER =    " Foundations and Trends in Machine Learning: Vol. 11, No. 3-4",
YEAR =         "2018",
edition =      "3rd"
}
