

% Multi-agent systems, cooperative control,

% Journal: Advanced robotics
@article{Pimenta2013,
Author = {Pimenta, Luciano C. A. and Pereira, Guilherme A. S. and Goncalves,
   Mateus M. and Michael, Nathan and Turpin, Matthew and Kumar, Vijay},
Title = {{Decentralized controllers for perimeter surveillance with teams of
   aerial robots}},
Journal = {Advanced Robotics},
Year = {{2013}},
Volume = {{27}},
Number = {{9, SI}},
Pages = {{697-709}},
Month = {Jun},
DOI = {{10.1080/01691864.2013.778942}},
}


% Journal: Automatica

@ARTICLE{Song2016,
  author = {C. Song and L. Liu and G. Feng and S. Xu},
  title = {Coverage control for heterogeneous mobile sensor networks on a circle},
  journal = {Automatica},
  year = {2016},
  volume = {63},
  pages = {349-358}
}

@article{Oh2015-Survey,
title = "A survey of multi-agent formation control",
journal = "Automatica",
volume = "53",
pages = "424 - 440",
year = "2015",
author = "Kwang-Kyo Oh and Myoung-Chul Park and Hyo-Sung Ahn",
keywords = "Formation control, Position-based control, Displacement-based control, Distance-based control",
}


@ARTICLE{Porfiri2007,
  author = {M. Porfiri and D. G. Roberson and D. J. Stilwell},
  title = {Tracking and Formation Control of Multiple Autonomous Agents: A Two-Level
	Consensus Approach},
  journal = {Automatica},
  year = {2007},
  volume = {43},
  pages = {1318-1328},
  number = {8},
  timestamp = {2007.07.09}
}


@ARTICLE{Martinez2006,
  author = {S. Mart\'{i}nez and F. Bullo},
  title = {Optimal Sensor Placement and Motion Coordination for Target Tracking},
  journal = {Automatica},
  year = {2006},
  volume = {42},
  pages = {661-668},
  number = {4}
}


% Journal: Chinese Journal of Electronics

@ARTICLE{Guo2018-Alliance-ROS, 
author={Z. {GUO} and W. {YANG} and M. {LI} and X. {YI} and Z. {CAI} and Y. {WANG}}, 
journal={Chinese Journal of Electronics}, 
title={ALLIANCE-ROS: A Software Framework on ROS for Fault-Tolerant and Cooperative Mobile Robots}, 
year={2018}, 
volume={27}, 
number={3}, 
pages={467-475}, 
doi={10.1049/cje.2018.03.001}, 
month={},}


% Journal: Frontiers in Robotics and AI

@ARTICLE{Bechlioulis2019-Robust,
AUTHOR={Bechlioulis, Charalampos P. and Giagkas, Fotis and Karras, George C. and Kyriakopoulos, Kostas J.}, 
TITLE={Robust Formation Control for Multiple Underwater Vehicles},      
JOURNAL={Frontiers in Robotics and AI},      	
VOLUME={6},      
PAGES={90},     	
YEAR={2019},      
}

% Journal: IEEE Access 

@ARTICLE{Xiao2019-LeaderFollower,
author={H. {Xiao} and C. L. P. {Chen}},
journal={IEEE Access},
title={Leader-Follower Consensus Multi-Robot Formation Control Using Neurodynamic-Optimization-Based Nonlinear Model Predictive Control},
year={2019},
volume={7},
number={},
pages={43581-43590},
month={},}


% Journal: IEEE Transactions on Automatic Control
@ARTICLE{Leonard2013, 
author={Leonard, N.E. and Olshevsky, A.}, 
journal={IEEE Transactions on Automatic Control}, 
title={Nonuniform coverage control on the line}, 
year={2013}, 
month={Nov}, 
volume={58}, 
number={11}, 
pages={2743-2755}, 
}

@ARTICLE{Wang2010,
author={Yue Wang and Islam I. Hussein},
journal={IEEE Trans. on Automatic Control},
title={Awareness Coverage Control Over Large-Scale Domains With Intermittent Communications},
year={2010},
volume={55},
number={8},
pages={1850-1859},
}

@article{Spinello2010,
	Author = {Davide Spinello and Daniel J. Stilwell},
	Date-Modified = {2012-11-05 13:56:09 -0500},
	Journal = {IEEE Trans. on Automatic Control},
	Month = {June},
	Number = {6},
	Pages = {1358--1366},
	Title = {Nonlinear Estimation With State-Dependent Gaussian Observation Noise},
	Volume = {55},
	Year = {2010}}

@article{Yang2008,
Author = {Yang, Peng and Freeman, Randy A. and Lynch, Kevin M.},
Title = {{Multi-Agent Coordination by Decentralized Estimation and Control}},
Journal = {IEEE Transactions on Automatic Control},
Year = {{2008}},
Volume = {{53}},
Number = {{11}},
Pages = {{2480--2496}},
Month = {Dec.},
}


	
@article{Martinez2007,
	Author = {Sonia Martinez and Francesco Bullo and Jorge Cortes and Emilio Frazzoli},
	Date-Added = {2013-08-15 16:48:16 -0400},
	Date-Modified = {2013-08-15 16:50:45 -0400},
	Journal = {IEEE Trans. on Automatic Control},
	Month = {Dec.},
	Number = {12},
	Pages = {2199--2213},
	Title = {On Synchronous Robotic Networks--Part {I}: Models, Tasks, and Complexity},
	Volume = {52},
	Year = {2007}}
	
@article{Marshall2004,
	Author = {Joshua A. Marshall and Mireille E. Broucke and Bruce A. Francis},
	Date-Added = {2013-08-15 17:10:31 -0400},
	Date-Modified = {2013-08-15 17:10:31 -0400},
	Journal = {IEEE Transactions on Automatic Control},
	Month = nov,
	Number = {11},
	Pages = {1963--1974},
	Title = {Formations of Vehicles in Cyclic Pursuit},
	Volume = {49},
	Year = {2004}}
	

@ARTICLE{Fax2004,
  author = {J. A. Fax and R. M. Murray},
  title = {Information Flow and Cooperative Control of Vehicle Formations},
  journal = {IEEE Transactions on Automatic Control},
  year = {2004},
  volume = {49},
  pages = {1465--1476},
  number = {9},
  month = {Sep.},
}




% Journal: IEEE Transactions on Automation Science and Engineering

@ARTICLE{Miao2018-Distributed,
author={Z. {Miao} and Y. {Liu} and Y. {Wang} and G. {Yi} and R. {Fierro}},
journal={IEEE Transactions on Automation Science and Engineering},
title={Distributed Estimation and Control for Leader-Following Formations of Nonholonomic Mobile Robots},
year={2018},
volume={15},
number={4},
pages={1946-1954},
month={Oct},}

@ARTICLE{Shi2015, 
author={Peng Shi and Qikun Shen}, 
journal={IEEE Transactions on Automation Science and Engineering}, 
title={Cooperative Control of Multi-Agent Systems With Unknown State-Dependent Controlling Effects}, 
year={2015}, 
volume={12}, 
number={3}, 
pages={827-834}, 
month={July},}


% Journal: IEEE Control Systems
@ARTICLE{Cruz2007, 
author={D. Cruz and J. McClintock and B. Perteet and O.A.A. Orqueda and Yuan Cao and R. Fierro}, 
journal={IEEE Control Systems}, 
title={Decentralized cooperative control - A multivehicle platform for research in networked embedded systems}, 
year={2007}, 
volume={27}, 
number={3}, 
pages={58-78}, 
ISSN={1066-033X}, 
month={June},}

% Journal: IEEE Transactions on Control of Network Systems

@ARTICLE{Poonawala2015, 
author={H.A. Poonawala and A.C. Satici and H. Eckert and M.W. Spong}, 
journal={IEEE Transactions on Control of Network Systems}, 
title={Collision-Free Formation Control with Decentralized Connectivity Preservation for Nonholonomic-Wheeled Mobile Robots}, 
year={2015}, 
volume={2}, 
number={2}, 
pages={122-130}, 
ISSN={2325-5870}, 
month={June},}


% Journal: IEEE Transactions on Control Systems Technology

@ARTICLE{Sakai208-Leader,
author={D. {Sakai} and H. {Fukushima} and F. {Matsuno}},
journal={IEEE Trans. on Control Systems Technology},
title={Leaderâ€“Follower Navigation in Obstacle Environments While Preserving Connectivity Without Data Transmission},
year={2018},
volume={26},
number={4},
pages={1233-1248},
month={July},}


@ARTICLE{Hu2013, 
author={Jinwen Hu and Lihua Xie and Kai-Yew Lum and Jun Xu}, 
journal={IEEE Transactions on Control Systems Technology}, 
title={Multiagent Information Fusion and Cooperative Control in Target Search}, 
year={2013}, 
month={July}, 
volume={21}, 
number={4}, 
pages={1223-1235}, 
}
@ARTICLE{Hussein2007,
  author = {Hussein, I. I. and Stipanovic, D. M.},
  title = {Effective Coverage Control for Mobile Sensor Networks With Guaranteed
	Collision Avoidance},
  journal = {IEEE Trans. on Control Systems Technology},
  year = {2007},
  volume = {15},
  pages = {642-657},
  number = {4},
  month = {Jul. },
}

@ARTICLE{Wang2007, 
author={Xiaohua Wang and Vivek Yadav and S.N. Balakrishnan}, 
journal={IEEE Transactions on Control Systems Technology}, 
title={Cooperative UAV Formation Flying With Obstacle/Collision Avoidance}, 
year={2007}, 
volume={15}, 
number={4}, 
pages={672-679}, 
ISSN={1063-6536}, 
month={July},}


% Journal: IEEE Transactions on Industrial Electronics
@ARTICLE{Ge2017, 
author={X. Ge and Q. L. Han}, 
journal={IEEE Transactions on Industrial Electronics}, 
title={Distributed Formation Control of Networked Multi-Agent Systems Using a Dynamic Event-Triggered Communication Mechanism}, 
year={2017}, 
volume={PP}, 
number={99}, 
pages={1-1}, 
keywords={Event-triggered communication mechanism;autonomous mobile robot;dynamic threshold parameter;formation control;multi-agent system}, 
doi={10.1109/TIE.2017.2701778}, 
ISSN={0278-0046}, 
month={},}

@ARTICLE{Li2017, 
author={S. Li and J. Zhang and X. Li and F. Wang and X. Luo and X. Guan}, 
journal={IEEE Transactions on Industrial Electronics}, 
title={Formation Control of Heterogeneous Discrete-Time Nonlinear Multi-Agent Systems with Uncertainties}, 
year={2017}, 
volume={PP}, 
number={99}, 
pages={1-1}, 
keywords={Decentralized control;Mathematical model;Multi-agent systems;Nonlinear dynamical systems;Robustness;Uncertainty;Vehicle dynamics;Formation control;discrete-time multiagent systems;output regulation;p-copy internal model;robust control}, 
doi={10.1109/TIE.2017.2674590}, 
ISSN={0278-0046}, 
month={Feb},}

@ARTICLE{Chen2010, 
author={Jiming Chen and Xianghui Cao and Peng Cheng and Yang Xiao and Youxian Sun}, 
journal={IEEE Transactions on Industrial Electronics}, 
title={Distributed Collaborative Control for Industrial Automation With Wireless Sensor and Actuator Networks}, 
year={2010}, 
volume={57}, 
number={12}, 
pages={4219-4230}, 
ISSN={0278-0046}, 
month={Dec},}


@ARTICLE{Defoort2008, 
author={M. Defoort and T. Floquet and A. Kokosy and W. Perruquetti}, 
journal={IEEE Transactions on Industrial Electronics}, 
title={Sliding-Mode Formation Control for Cooperative Autonomous Mobile Robots}, 
year={2008}, 
volume={55}, 
number={11}, 
pages={3944-3953}, 
ISSN={0278-0046}, 
month={Nov},}


@ARTICLE{Lloyd1982, 
author={Lloyd, S.}, 
journal={IEEE Transactions on Information Theory}, 
title={Least squares quantization in PCM}, 
year={1982}, 
volume={28}, 
number={2}, 
pages={129--137}, 
doi={10.1109/TIT.1982.1056489}, 
month={Mar},}



% Journal: IEEE Transactions on Instrumentation and Measurement

@ARTICLE{Rossi2016, 
author={M. Rossi and D. Brunelli}, 
journal={IEEE Transactions on Instrumentation and Measurement}, 
title={Autonomous Gas Detection and Mapping With Unmanned Aerial Vehicles}, 
year={2016}, 
volume={65}, 
number={4}, 
pages={765--775}, 
keywords={Chemical sensors;Chemicals;Gas detectors;Monitoring;Robot sensing systems;Sensor phenomena and characterization;Embedded gas sensing system;gas leakage localization;low-power electronics;unmanned aerial vehicles (UAVs);volatile chemicals' mapping.}, 
doi={10.1109/TIM.2015.2506319}, 
ISSN={0018-9456}, 
month={April},}



% Journal: IEEE-ASME Transactions on Mechatronics
@article{Zhang2013,
Author = {Zhang, Guoxian and Fricke, Gregory K. and Garg, Devendra P.},
Title = {{Spill Detection and Perimeter Surveillance via Distributed Swarming
   Agents}},
Journal = {{IEEE-ASME} Transactions on Mechatronics},
Year = {{2013}},
Volume = {{18}},
Number = {{1}},
Pages = {{121-129}},
Month = {Feb},
}


% Journal: IEEE Transactions on Robotics and Automation (Robotics)

@ARTICLE{Kia2018-ServerAssisted,
author={S. S. {Kia} and J. {Hechtbauer} and D. {Gogokhiya} and S. {MartÃ­nez}},
journal={IEEE Transactions on Robotics},
title={Server-Assisted Distributed Cooperative Localization Over Unreliable Communication Links},
year={2018},
volume={34},
number={5},
pages={1392-1399},
month={Oct},}

@ARTICLE{Lee2015, 
author={S.G. Lee and Y. Diaz-Mercado and M. Egerstedt}, 
journal={IEEE Transactions on Robotics}, 
title={Multirobot Control Using Time-Varying Density Functions}, 
year={2015}, 
volume={31}, 
number={2}, 
pages={489-493},  
ISSN={1552-3098}, 
month={April},}


@ARTICLE{Batalin2007,
  author = {Batalin, M.A. and Sukhatme, G.S.},
  title = {The Design and Analysis of an Efficient Local Algorithm for Coverage and Exploration Based on Sensor Network Deployment},
  journal = {IEEE Transactions on Robotics},
  year = {2007},
  volume = {23},
  pages = {661-675},
  number = {4},
  month = {Aug.},
}


@ARTICLE{Cortes2004, 
author={Cortes, J. and Martinez, S. and Karatas, T. and Bullo, F.}, 
journal={IEEE Transactions on Robotics and Automation}, 
title={Coverage control for mobile sensing networks}, 
year={2004}, 
month={April}, 
volume={20}, 
number={2}, 
pages={243-255}, 
}

@ARTICLE{Beard2002,
  author = {Beard, R. W. and McLain, T. W. and Goodrich, M. A. and Anderson,
	E. P.},
  title = {{Coordinated Target Assignment and Intercept for Unmanned Air Vehicles}},
  journal = {IEEE Trans. on Robotics and Automation},
  year = {2002},
  volume = {18},
  pages = {911-922},
  timestamp = {2009.07.01}
}



% Journal: IEEE Transactions on Systems, Man, and Cybernetics: Systems

@ARTICLE{Kuo2019-Intelligent, 
author={C. {Kuo} and C. {Tsai} and C. {Lee}}, 
journal={IEEE Tran. on Systems, Man, and Cybernetics: Systems}, 
title={Intelligent Leader-Following Consensus Formation Control Using Recurrent Neural Networks for Small-Size Unmanned Helicopters}, 
year={2019}, 
volume={}, 
number={}, 
pages={1-14}, 
month={},}

@ARTICLE{Liu2019-Robust,
author={H. {Liu} and Y. {Wang} and F. L. {Lewis}},
journal={IEEE Trans. Syst., Man, Cyber.: Syst.},
title={Robust Distributed Formation Controller Design for a Group of Unmanned Underwater Vehicles},
year={2019},
volume={},
number={},
pages={1-9},
month={},}

@ARTICLE{Yu2019-Cooperative,
author={X. {Yu} and J. {Ma} and N. {Ding} and A. {Zhang}},
journal={IEEE Transactions on Systems, Man, and Cybernetics: Systems},
title={Cooperative Target Enclosing Control of Multiple Mobile Robots Subject to Input Disturbances},
year={2019},
pages={1-10},
month={},}

@ARTICLE{Khan2018-Cooperative,
author={A. {Khan} and B. {Rinner} and A. {Cavallaro}},
journal={IEEE Transactions on Cybernetics},
title={Cooperative Robots to Observe Moving Targets: Review},
year={2018},
volume={48},
number={1},
pages={187-198},
month={Jan},}

@ARTICLE{Liu2017-Modular,
author={L. {Liu} and D. {Wang} and Z. {Peng} and T. {Li}},
journal={IEEE Transactions on Systems, Man, and Cybernetics: Systems},
title={Modular Adaptive Control for LOS-Based Cooperative Path Maneuvering of Multiple Underactuated Autonomous Surface Vehicles},
year={2017},
volume={47},
number={7},
pages={1613-1624},
month={July},}


% Journal: Journal of Defense Modeling and Simulation: Applications, Methodology, Technology
@ARTICLE{McCourt2012,
  author = {Richard McCourt and Kevin Ng and Roy Mitchell},
  title = {An agent--based approach towards network--enabled capabilities -- I: Simulation validation and illustrative examples},
  journal = {Journal of Defense Modelling and Simulation},
  year = {2012},
  volume = {10},
  number = {3},
  pages = {313--326},
}


% Journal: Journal of Dynamic Systems, Measurement and Control - Transactions of the ASME
@article{Spinello2014,
Author = {Davide Spinello and Daniel J. Stilwell},
Title = {{Distributed full-state observers with limited communication and application to cooperative target localization}},
Journal = {Journal of Dynamic Systems, Measurement and Control - Transactions of the ASME},
Year = {{2014}},
Volume = {{136}},
Number = {3},
}

@ARTICLE{Murray2007, 
author={Richard M. Murray}, 
journal={Journal of Dynamic Systems, Measurement, and Control}, 
title={Recent research in cooperative control of multivehicle
systems}, 
year={2007}, 
volume={129}, 
number={5}, 
pages={571--583}, 
}

@ARTICLE{Shima2007,
  author = {Shima, T. and Rasmussen, S. J. and Chandler, P.},
  title = {{UAV} Team Decision and Control Using Efficient Collaborative Estimation},
  journal = {Journal of Dynamical Systems, Measurements, and Control},
  year = {2007},
  volume = {129},
  pages = {609--619},
}


% Journal: Journal of Defense Modeling and Simulation: Applications, Methodology, Technology
@ARTICLE{McCourt2012,
  author = {Richard McCourt and Kevin Ng and Roy Mitchell},
  title = {An agent--based approach towards network--enabled capabilities -- I: Simulation validation and illustrative examples},
  journal = {Journal of Defense Modelling and Simulation},
  year = {2012},
  volume = {10},
  number = {3},
  pages = {313--326},
}


% Journal: SIAM Journal of Control and Optimization
@article{Lekien2009,
	Author = {Francois Lekien and Naomi Ehrich Leonard},
	Journal = {{SIAM} Journal of Control and Optimization},
	Month = {February},
	Number = {1},
	Pages = {351--372},
	Title = {Nonuniform Coverage and Cartograms},
	Volume = {48},
	Year = {2009}}

@ARTICLE{Ferrari2009,
  author = {S. Ferrari and R. Fierro and B. Perteet and C. Cai and K. Baumgartner},
  title = {A Geometric Optimization Approach to Detecting and Intercepting Dynamic Targets Using a Mobile Sensor Network},
  journal = {SIAM Journal on Control and Optimization},
  year = {2009},
  volume = {48},
  pages = {292-320},
  number = {1},
}

@ARTICLE{Cortes2005,
  author = {J. Cortes and F. Bullo},
  title = {Coordination and geometric optimization via distributed dynamical systems},
  journal = {SIAM Journal on Control and Optimization},
  year = {2005},
  volume = {44},
  pages = {1543-1574},
  number = {5},
}


% Journal: SIAM J. Comput.

@ARTICLE{Arkin2005,
  author = {Arkin, E. M. and Bender, M. A. and Demaine, E. D. and Fekete, S.
	P. and Mitchell, J. S. B. and Sethia, S.},
  title = {{Optimal Covering Tours with Turn Costs}},
  journal = {SIAM J. Comput.},
  year = {2005},
  volume = {35},
  pages = {531--566},
  number = {3},
  address = {Philadelphia, PA, USA},
}


% Journal: International Journal of Control
@article{Guruprasad2013,
	Author = {K. R. Guruprasad and Debasish Ghose},
	Journal = {International Journal of Control},
	Month = {Jun.},
	Number = {6},
	Pages = {977--993},
	Title = {Heterogeneous Locational Optimization using a Generalized Voronoi Partition},
	Volume = {86},
	Year = {2013}}



% Journal: The International Journal of Robotics Research
@ARTICLE{Acar2003,
  author = {Acar, E. U. and Choset, H. and Zhang, Y. and Schervish, M.},
  title = {{Path Planning for Robotic Demining: Robust Sensor-Based Coverage
	of Unstructured Environments and Probabilistic Methods}},
  journal = {The International Journal of Robotics Research},
  year = {2003},
  volume = {22},
  pages = {441-466},
  number = {7-8},
}

% Journal = Information Fusion

@article{Allouche2010,
Author = {Allouche, Mohamad K. and Boukhtouta, Abdeslem},
Title = {{Multi-agent coordination by temporal plan fusion: Application to combat search and rescue}},
Journal = {Information Fusion},
Year = {{2010}},
Volume = {{11}},
Number = {{3, SI}},
Pages = {{220-232}},
Month = {Jul},
}

% Journal: Proceedings of the IEEE 
@ARTICLE{Olfati-Saber2007, 
author={R. Olfati-Saber and J.A. Fax and R.M. Murray}, 
journal={Proceedings of the IEEE}, 
title={Consensus and Cooperation in Networked Multi-Agent Systems}, 
year={2007}, 
volume={95}, 
number={1}, 
pages={215-233}, 
ISSN={0018-9219}, 
month={Jan},}


%%%%%%%%%% CONFERENCE ARTICLE %%%%%%%%%%%%%%%%%%%%%%%%


@INPROCEEDINGS{Li2019-TimeVarying,
author={X. {Li} and M. J. {Er} and J. {Wang}},
booktitle={International Conf. on Intelligent Autonomous Systems},
title={Time-Varying Formation Control of Nonholonomic Multi-Agent Systems},
year={2019},
pages={118-123},
month={Feb},}

@INPROCEEDINGS{Ma2019-Cooperative,
author={L. {Ma}},
booktitle={International Conference on Methods and Models in Automation and Robotics (MMAR)},
title={Cooperative Target Tracking in Elliptical Formation},
year={2019},
pages={58-63},
month={Aug},}

@InProceedings{Li2016-Alliance,
author="Li, Minglong
and Cai, Zhongxuan
and Yi, Xiaodong
and Wang, Zhiyuan
and Wang, Yanzhen
and Zhang, Yongjun
and Yang, Xuejun",
editor="Booth, Richard
and Zhang, Min-Ling",
title="ALLIANCE-ROS: A Software Architecture on ROS for Fault-Tolerant Cooperative Multi-robot Systems",
booktitle="PRICAI 2016: Trends in Artificial Intelligence",
year="2016",
publisher="Springer International Publishing",
address="Cham",
pages="233--242",
}



@inproceedings{Lee2013,
	Author = { Sung G. Lee and Magnus Egerstedt},
	Booktitle = { IFAC Workshop on Distributed Estimation and Control in Networked Systems, Koblenz, Germany},
	Month = {sep.},
	Title = {Controlled Coverage Using Time-Varying Density Functions},
	Year = {2013}}

@inproceedings{Kitowski2012,
Author = {Kitowski, Zygmunt},
Editor = {{Kitowski, Z and Garus, J and Szymak, P}},
Title = {{Architecture of the Control System of an Unmanned Surface Vehicle in the
   Process of Harbour Protection}},
Booktitle = {Mechatronic Systems, Mechanics and Materials},
Series = {{Solid State Phenomena}},
Year = {{2012}},
Volume = {{180}},
Pages = {{20-26}},
}


@INPROCEEDINGS{Breitenmoser2010, 
author={Breitenmoser, A. and Schwager, M. and Metzger, J.-C. and Siegwart, R. and Rus, D.}, 
booktitle={IEEE International Conference on Robotics and Automation (ICRA)}, 
title={Voronoi coverage of non--convex environments with a group of networked robots}, 
year={2010}, 
month={May}, 
pages={4982-4989}, 
}

@INPROCEEDINGS{Caicedo-Nuez2008, 
author={Caicedo-Nuez, C.H. and Zefran, M.}, 
booktitle={IEEE Conference on Decision and Control}, 
title={A coverage algorithm for a class of non--convex regions}, 
year={2008}, 
month={Dec}, 
pages={4244-4249}, 
}



@INPROCEEDINGS{Pimenta2009, 
author={Luciano C. A. Pimenta and Mac Schwager and Quentin Lindsey and Vijay Kumar and Daniela Rus and Renato C. Mesquita and Guillherme A. S. Pereira}, 
booktitle={IEEE Conference on Decision and Control}, 
title={Simultaneous Coverage and Tracking (SCAT) of Moving Targets with Robot Networks},
year={2009},
volume={47},
pages={3947--3952},
month={September},
}





@inproceedings{Simetti2007,
Author = {Enrico Simetti and Matteo Cresta},
Title = {Towards the Use of a Team of {USV}s for Civilian Harbour Protection: the Problem of Intercepting Detected Menaces},
Booktitle = {IEEE OCEANS --Sydney},
Year = 	 {2007},
Pages = 	 {1--7},
Month = 	 {May},
Address = 	 {Sydney, NSW},
}

@inproceedings{Ahmadzadeh2007,
Author = {Ali Ahmadzadeh and Ali Jadbabaie and Vijay Kumar and George J. Pappas},
Title = {Dynamic coverage using receeding horizon control},
Booktitle = {Proceedings of European Control Conference},
Year = {2007}
}

@inproceedings{Ahmadzadeh2006,
Author = {Ali Ahmadzadeh and Ali Jadbabaie and Vijay Kumar and George J. Pappas},
Title = {An optimization-based approach to time-critical cooperative surveillance and coverage with unmanned aerial vehicles},
Booktitle = {International Symposium on Experimental Robotics},
Year = {2006}
}

@INPROCEEDINGS{Chung2006,
  author = {T. H. Chung and J. W. Burdick and R. M. Murray},
  title = {Decentralized Motion Control of Mobile Sensing Agents in a Network},
  booktitle = {Proceedings of the IEEE International Conference on Robotics and
	Automation},
  year = {2006},
  address = {Orlando, Florida},
  month = {May},
}

@INPROCEEDINGS{Simic2003,
  author = {Simic, S. and Sastry, S.},
  title = {Distributed environmental monitoring using random sensor networks},
  booktitle = {Proceeding of the 2nd International Workshop on Information Processing in Sensor Networks},
  year = {2003},
  pages = {582-592},
  address = {Palo Alto, CA}
}


@inproceedings{Cortes2002,
	Author = {Jorge Cortes and Sonia Martinez and Timur Karatas and Francesco Bullo},
	Booktitle = {10th Mediterranean Conference on Control and Automation},
	Title = {Coverage Control for Mobile Sensing Networks: Variations on a Theme},
	Volume = {1},
	Year = {2002}}

%%%%%% Books and references

@book{Bullo2009,
	Author = {Francesco Bullo and Jorge Cortes and Sonia Martinez},
	Date-Added = {2013-08-15 17:10:31 -0400},
	Date-Modified = {2013-08-15 17:10:31 -0400},
	Publisher = {Princeton University Press, Applied Mathematics Series},
	Title = {Distributed Control of Robotic Networks: A Mathematical Approach to Motion Coordination Algorithms},
	Year = {2009}}
	
@book{Okabe2000,
	Author = {Atsuyuki Okabe and Barry Boots and Kokichi Sugihara and Sung Nok Chiu},
	Date-Added = {2013-08-15 17:10:31 -0400},
	Date-Modified = {2013-08-15 17:10:31 -0400},
	Edition = {second},
	Publisher = {John Wiley \& Sons, LTM},
	Title = {Spatial Tessellations: Concepts and Applications of Voronoi Diagrams},
	Year = {2000}}