%%Actapress%%
@article{Ssebazza2015,
title = {DGPS-based localization and path following approach for outdoor wheeled mobile robots},
journal = {International Journal of  Robotics and Automation},
author = {Leslie Ssebazza and Ya-Jun Pan},
volume = {30},
number = {1},
year = {2015}
}

@article{Kim2015,
title = {Efficient placement of beacons for localization of mobile robots considering the positional uncertainty distributions},
journal = {International Journal of  Robotics and Automation},
author = {Jiwoong Kim and Woojin Chung},
volume = {30},
number = {2},
pages = {119--127},
year = {2015}
}


@article{Rosales-Hernandez2015,
title = {Synchronization strategy for differentially driven mobile robots: Discrete-time approach},
journal = {International Journal of  Robotics and Automation},
author = {Francisco Rosales-Hernandez and Martin Velasco-Villa and Rafael Castro-Linares, Basilio del Muro-Cuellar and Miguel Angel Hernández-Perez},
volume = {30},
number = {1},
pages = {50--59},
year = {2015}
}


%%Applied Mechanics and Materials%%
@article{Cui2012,
title = {Backstepping Control Design on the Dynamics of the Omni-directional Mobile Robot},
journal = {Applied Mechanics and Materials},
author = {Qingzhu Cui and Xun Li and Xiangke Wang and Meng Zhang},
volume = {203},
year = {2012},
pages = {51--6},
address = {Switzerland},
}

%%Automatica%%
@ARTICLE{Dixon2000,
  author = {W. E. Dixon and Z. P. Jiang and D. M. Dawson},
  title = {Global exponential setpoint control of wheeled mobile robots:
a Lyapunov approach},
  journal = {Automatica},
  year = {2000},
  volume = {36},
  pages = {1741--1746},
  number = {1}
}
@ARTICLE{Jiang1997,
  title = {Tracking control of mobile robots: a case study in backstepping},
  author = {Zhong-Ping Jiang and H. Nijmeijer},
  journal = {Automatica}, 	
  year = {1997},
  volume = {33},
  number = {7},
  pages = {1393--9},
  month = jul
}

%%Autonomous Robots%%
@ARTICLE{Murray2000,
  author = {Don Murray and James J. Little},
  title = {Using Real-Time Stereo Vision for Mobile Robot Navigation},
  journal = {Autonomous Robots},
  year = {2000},
  volume = {8},
  pages = {161-171},
  number = {2},
  month = {April},
}

%%IEEE Control Systems%%
@ARTICLE{Kolmanovsky1995, 
author={Kolmanovsky, I. and McClamroch, N.H.}, 
journal={IEEE Control Systems}, 
title={Developments in nonholonomic control problems}, 
year={1995}, 
month={dec}, 
volume={15}, 
number={6}, 
pages={20--36}, 
keywords={control problem formulations;models classification;motion planning;nonholonomic control problems;nonspecialists;overview;research topics;specialists;stabilization;kinematics;path planning;stability;}, 
}

%%IEEE Robotics Automation Magazine%%
@ARTICLE{Sutoh2015, 
author={Sutoh, M. and Otsuki, M. and Wakabayashi, S. and Hoshino, T. and Hashimoto, T.}, 
journal={IEEE Robotics Automation Magazine}, 
title={The Right Path: Comprehensive Path Planning for Lunar Exploration Rovers}, 
year={2015}, 
volume={22}, 
number={1}, 
pages={22--33}, 
keywords={mobile robots;motion control;path planning;planetary rovers;wheels;comprehensive path-planning method;lunar exploration rover;motion behavior;rover design;rover insolation;rover locomotion mechanism;track mechanism;wheel mechanism;Lunar exploration;Mobile robots;Path planning;Planets;Space research;Space vehicles;Tracking}, 
doi={10.1109/MRA.2014.2381359}, 
month={March},
}

@ARTICLE{Aicardi1995, 
author={Aicardi, M. and Casalino, G. and Bicchi, A. and Balestrino, A.}, 
journal={IEEE Robotics Automation Magazine}, 
title={Closed loop steering of unicycle like vehicles via Lyapunov techniques}, 
year={1995}, 
month={mar}, 
volume={2}, 
number={1}, 
pages={27--35}
}
%% IEEE Systems Journal
@ARTICLE{Lian2012, 
author={Feng-Li Lian and Yi-Chun Lin and Chien-Ting Kuo and Jong-Hann Jean}, 
title={Rate and Quality Control with Embedded Coding for Mobile Robot with Visual Patrol},
journal={IEEE Systems Journal},  
year={2012}, 
volume={6}, 
number={3}, 
pages={368--377}, 
month=Sep, 
}

%% IEEE Transactions on Automatic Control %%
@ARTICLE{Aguiar2007,
  title = {Trajectory-tracking and path-following of underactuated autonomous vehicles with parametric modeling uncertainty},
  author = {A. Pedro Aguiar  and João P. Hespanha},
  journal = {IEEE Transactions on Automatic Control}, 	
  year = {2007},
  volume = {52},
  number = {8},
  pages = {1362--1379},
  month = aug
}

@ARTICLE{Jiang1999, 
author={Zhong-Ping Jiang and Nijmeijer, H.}, 
journal={IEEE Transactions on Automatic Control}, 
title={A recursive technique for tracking control of nonholonomic systems in chained form}, 
year={1999}, 
month={feb}, 
volume={44}, 
number={2}, 
pages={265 -279}
}

%% IEEE Transactions on Automation Science and Engineering
@ARTICLE{Herrero2013,
  title = {Self-Configuration of Waypoints for Docking Maneuvers of Flexible Automated Guided Vehicles},
  author = {David Herrero and Jorge Villagrá and Humberto Martínez},
  journal = {IEEE Transactions on Automation Science and Engineering}, 	
  year = {2013},
  volume = {10},
  number = {2},
  pages = {470--475},
  month = apr
}

@ARTICLE{Jayasiri2012,
  title = {Modular Supervisory Control and Hierarchical
Supervisory Control of Fuzzy Discrete-Event Systems},
  author = {Awantha Jayasiri and George K. I. Mann and Raymond G. Gosine},
  journal = {IEEE Transactions on Automation Science and Engineering}, 	
  year = {2012},
  volume = {9},
  number = {2},
  pages = {353--364},
  month = apr
}
@ARTICLE{Kim2009,
  title = {Direction sensing {RFID} reader for mobile robot navigation},
  author = {Kim, Myungsik and Chong, Nak Young},
  journal = {IEEE Transactions on Automation Science and Engineering},
  year = {2009},
  volume = {6},
  number = {1},
  pages = {44--54},
  month = jan,
}

%%IEEE Transactions on Control Systems Technology%%
@ARTICLE{Yang2016, 
author={H. Yang and X. Fan and P. Shi and C. Hua}, 
journal={IEEE Transactions on Control Systems Technology}, 
title={Nonlinear Control for Tracking and Obstacle Avoidance of a Wheeled Mobile Robot With Nonholonomic Constraint}, 
year={2016}, 
volume={24}, 
number={2}, 
pages={741-746}, 
month={March},}

@ARTICLE{Martinelli2015, 
author={Martinelli, F.}, 
journal={Control Systems Technology, IEEE Transactions on}, 
title={A Robot Localization System Combining RSSI and Phase Shift in UHF-RFID Signals}, 
year={2015}, 
volume={23}, 
number={5}, 
pages={1782--1796}, 
doi={10.1109/TCST.2014.2386777}, 
month={Sept},}

@ARTICLE{Li2015-1, 
author={Li, Z. and Yang, C. and Su, C.-Y. and Deng, J. and Zhang, W.}, journal={IEEE Transactions on Control Systems Technology}, 
title={Vision-Based Model Predictive Control for Steering of a Nonholonomic Mobile Robot}, 
year={2015}, 
volume={--}, 
number={99}, 
pages={1--},
note={accepted for publication} 
}

@ARTICLE{Park2010, 
author={Bong Seok Park and Sung Jin Yoo and Jin Bae Park and Yoon Ho Choi}, 
journal={IEEE Transactions on Control Systems Technology}, 
title={A Simple Adaptive Control Approach for Trajectory Tracking of Electrically Driven Nonholonomic Mobile Robots}, 
year={2010}, 
month={sept.}, 
volume={18}, 
number={5}, 
pages={1199 -1206} 
}
@ARTICLE{Michalek2010, 
author={Michalek, M. and Kozowski, K.}, 
journal={IEEE Transactions on Control Systems Technology}, 
title={Vector-Field-Orientation Feedback Control Method for a Differentially Driven Vehicle}, 
year={2010}, 
month={jan}, 
volume={18}, 
number={1}, 
pages={45--65}
}

@ARTICLE{Hou2009, 
author={Zeng-Guang Hou and An-Min Zou and Long Cheng and Min Tan}, 
journal={IEEE Transactions on Control Systems Technology}, 
title={Adaptive Control of an Electrically Driven Nonholonomic Mobile Robot via Backstepping and Fuzzy Approach}, 
year={2009}, 
month={july }, 
volume={17}, 
number={4}, 
pages={803 -815}
}

@ARTICLE{Chen2009,
  title = {Moving horizon $\mathcal{H}_{\infty}$ tracking control of wheeled mobile robots with actuator saturation},
  author = {Hong Chen and Miao-Miao Ma and Hu Wang and Zhi-Yuan Liu and Zi-Xing Cai},
  journal = {IEEE Transactions on Control Systems Technology},
  year = {2009},
  volume = {17},
  number = {2},
  pages = {449--57},
  month = mar,
}

@ARTICLE{Gu2006, 
author={Dongbing Gu and Huosheng Hu}, 
journal={IEEE Transactions on Control Systems Technology}, 
title={Receding horizon tracking control of wheeled mobile robots}, 
year={2006}, 
month={july}, 
volume={14}, 
number={4}, 
pages={ 743--749}
}

@ARTICLE{Chiu2005, 
author={Chian-Song Chiu and Kuang-Yow Lian and P. Liu}, 
journal={IEEE Transactions on Control Systems Technology}, 
title={Fuzzy gain scheduling for parallel parking a car-like robot}, 
year={2005}, 
month={nov.}, 
volume={13}, 
number={6}, 
pages={ 1084 - 1092}
}

@ARTICLE{Chwa2004, 
title={Sliding-mode tracking control of nonholonomic wheeled mobile robots in polar coordinates}, 
author={Dongkyoung Chwa}, 
journal={IEEE Transactions on Control Systems Technology}, 
year={2004}, 
volume={12}, 
number={4}, 
pages={ 637--644}, 
month=jul, 
}

@ARTICLE{Lee2001,
  title = {Tracking control of unicycle-modeled mobile robots using a saturation feedback controller},
  author = {Ti-Chung Lee and Kai-Tai Song and Ching-Hung Lee and Ching-Cheng Teng},
  journal = {IEEE Transactions on Control Systems Technology},
  year = {2001},
  volume = {9},
  number = {2},
  pages = {305--18},
  month = mar,
}

%% IEEE Transactions on Cybernetics
@ARTICLE{Yang2013, 
author={Chenguang Yang and Zhijun Li and Jing Li}, 
title={Trajectory Planning and Optimized Adaptive Control for a Class of Wheeled Inverted Pendulum Vehicle Models},
journal={IEEE Transactions on Cybernetics},  
year={2013}, 
volume={43}, 
number={1}, 
pages={24--36}, 
month=jan 
}


%%IEEE Transactions on Fuzzy Systems%%
@article{Hwang2008,
title = {Fuzzy decentralized sliding-mode control of a car-like mobile robot in distributed sensor-network spaces},
journal = {IEEE Transactions on Fuzzy Systems},
author = {Chih-Lyang Hwang and Nai-Wen Chang},
volume = {16},
number = {1},
year = {2008},
pages = {97--109},
address = {USA}
} 


%%IEEE Transactions on Industrial Electronics%%
@ARTICLE{Fukushima2015,
  title = {Sliding-Mode {C}ontrol for {T}ransformation to an {I}nverted {P}endulum {M}ode of a {M}obile {R}obot {W}ith {W}heel-Arms},
journal = {IEEE Transactions on Industrial Electronics},  
  author = {Fukushima, H. and Muro, K. and Matsuno, F.},
  year = {2015},
  volume = {62},
  number = {7},
  pages = {4257--66},
  month = jul,
}


@ARTICLE{Zhao2015,
  title = {Calibration-based iterative learning control for path tracking of industrial robots},
  author = {Yi Min Zhao and Yu Lin and Fengfeng Xi and Shuai Guo},
journal = {IEEE Transactions on Industrial Electronics},  
  year = {2015},
  volume = {62},
  number = {5},
  pages = {2921--9},
  month = may,
}

@ARTICLE{Han2015,
  title = {Balancing and {V}elocity {C}ontrol of a {U}nicycle {R}obot {B}ased on the {D}ynamic {M}odel},
journal = {IEEE Transactions on Industrial Electronics},  
  author = {Han, S. I. and Lee, J. M.},
  year = {2015},
  volume = {62},
  number = {1},
  pages = {405--13},
  month = jan,
}

@ARTICLE{DiGiampaolo2014, 
author={E. DiGiampaolo and F. Martinelli}, 
journal={IEEE Transactions on Industrial Electronics}, 
title={Mobile Robot Localization Using the Phase of Passive UHF RFID Signals}, 
year={2014}, 
volume={61}, 
number={1}, 
pages={365-376}, 
doi={10.1109/TIE.2013.2248333}, 
ISSN={0278-0046}, 
month={Jan},
}

@ARTICLE{Wu2014,
  title = {Particle-Filter-Based {R}adio {L}ocalization for {M}obile {R}obots in the {E}nvironments {W}ith {L}ow-Density {WLAN} {AP}s},
  author = {Bing-Fei Wu and Cheng-Lung Jen},
journal = {IEEE Transactions on Industrial Electronics},  
  year = {2014},
  volume = {61},
  number = {12},
  pages = {6860--70},
  month = dec,
}


@ARTICLE{Kim2014,
  title = {Online minimum-energy trajectory planning and control on a straight-line path for three-wheeled omnidirectional mobile robots},
  author = {Hongjun Kim and Byung Kook Kim},
journal = {IEEE Transactions on Industrial Electronics},  
  year = {2014},
  volume = {61},
  number = {9},
  pages = {4771--9},
  month = sep,
}

@ARTICLE{Luo2014,
  title = {Multisensor {F}usion-Based {C}oncurrent {E}nvironment {M}apping and {M}oving {O}bject {D}etection for {I}ntelligent {S}ervice {R}obotics},
  author = {R. C. Luo and Chun Chi Lai},
journal = {IEEE Transactions on Industrial Electronics},  
  year = {2014},
  volume = {61},
  number = {8},
  pages = {4043--51},
  month = aug
}

@ARTICLE{Rezaee2014,
  title = {A {D}ecentralized {C}ooperative {C}ontrol {S}cheme {W}ith {O}bstacle {A}voidance for a {T}eam of {M}obile {R}obots},
journal = {IEEE Transactions on Industrial Electronics},  
  author = {Rezaee, H. and Abdollahi, F.},
  year = {2014},
  volume = {61},
  number = {1},
  pages = {347--54},
  month = jan,
}


@ARTICLE{DiGiampaolo2012,
  author = {Emidio DiGiampaolo and Francesco Martinelli},
  title = {A passive {UHF}-{RFID} system for the localization of an indoor autonomous vehicle},
  journal = {IEEE Transactions on Industrial Electronics},
  year = {2012},
  volume = {59},
  number = {10},
  pages = {3961--3970}
}
@ARTICLE{ParkHashimoto2009,
  title = {Autonomous Mobile Robot Navigation Using Passive {RFID} in Indoor Environment},
  author = {Sunhong Park and Shuji Hashimoto},
  journal= {IEEE Transactions on Industrial Electronics},
  year = {2009},
  volume = {56},
  number = {7},
  pages = {2366--2373}
}


@ARTICLE{HwangSong2011,
  title = {Monocular Vision-Based {SLAM} in Indoor Environment Using Corner, Lamp, and Door Features from Upward-Looking Camera},
  author = {Seo-Yeon Hwang and Jae-Bok Song},
  journal= {IEEE Transactions on Industrial Electronics},
  year = {2011},
  volume = {58},
  number = {10},
  pages = {4804--4812},
}


@ARTICLE{ChoiLee2011,
  title = {A Hierarchical Algorithm for Indoor Mobile Robot Localization Using {RFID} Sensor Fusion},
  author = {Byoung-Suk Choi and Joon-Woo Lee and Ju-Jang Lee and Kyoung-Taik Park},
  journal= {IEEE Transactions on Industrial Electronics},
  year = {2011},
  volume = {58},
  number = {6},
  pages = {2226--2235}
}

@ARTICLE{Saad2011,
  author = {Saad, S. S. and Nakad, Z. S. },
  title = {A Standalone {RFID} Indoor Positioning System Using Passive Tags},
  journal = {IEEE Transactions on Industrial Electronics},
  year = {2011},
  volume = {58},
  pages = {1961--1970},
  number = {5}
}

@ARTICLE{Han2007, 
author={Soonshin Han and HyungSoo Lim and JangMyung Lee}, 
journal={Industrial Electronics, IEEE Transactions on},
title={An Efficient Localization Scheme for a Differential-Driving Mobile Robot Based on RFID System}, 
year={2007}, 
month={dec.}, 
volume={54}, 
number={6}, 
pages={3362--3369}
}
%%IEEE Transactions on Instrumentation and Measurement%%
@ARTICLE{Rusu2003,
  author = {Petru Rusu and Emil M. Petriu and Thom E. Whalen and Aurel Cornell
	and Hans J.W. Spoelder},
  title = {Behavior-Based Neuro-Fuzzy Controller for Mobile Robot Navigation},
  journal = {IEEE Transactions on Instrumentation and Measurement},
  year = {2003},
  volume = {52},
  pages = {1335-1340},
  number = {4},
  month = {August},
}

%%IEEE/ASME Transactions on Mechatronics%%
@article{Tanaka-2012,
	Author = {Kazuo Tanaka and Motoyasu Tanaka and Hiroshi Ohtake and Hua O. Wang},
	Date-Added = {2012-12-25 11:08:00 -0500},
	Date-Modified = {2012-12-25 11:09:52 -0500},
	Journal = {IEEE/ASME Transactions on Mechatronics},
	Month = {June},
	Number = {3},
	Pages = {443--453},
	Title = {Shared Nonlinear Control in Wireless-Based Remote Stabilization: A Theoretical Approach},
	Volume = {17},
	Year = {2012}}

@article{Ding-2013,
	Author = {Xilun Ding and Yushu Yu},
	Date-Added = {2012-12-25 11:00:01 -0500},
	Date-Modified = {2012-12-25 11:01:20 -0500},
	Journal = {IEEE/ASME Transactions on Mechatronics},
	Title = {Motion Planning and Stabilization Control of a Multipropeller Multifunction Aerial Robot},
	Year = {2013}}

@article{Ailon-2012,
	Author = {Amit Ailon and Ilan Zohar},
	Date-Modified = {2012-12-25 11:10:05 -0500},
	Journal = {IEEE/ASME Transactions on Mechatronics},
	Month = {April},
	Number = {2},
	Pages = {326--336},
	Title = {Control Strategies for Driving a Group of Nonholonomic Kinematic Mobile Robots in Formation Along a Time-Parameterized Path},
	Volume = {17},
	Year = {2012}}

%%IEEE Transactions on Pattern Analysis and Machine Intelligence%%
@ARTICLE{DeSouza2002,
  author = {Guilherme N. DeSouza and Avinash C. Kak},
  title = {Vision for Mobile Robot Navigation: A Survey},
  journal = {IEEE Transactions on Pattern Analysis and Machine Intelligence},
  year = {2002},
  volume = {24},
  pages = {237-267},
  number = {2},
  month = {February},
}
@ARTICLE{Thorpe1988,
  author = {Chuck Thorpe and Martial Hebert and Takeo Kanade and Steven Shafer},
  title = {Vision and navigation for the Carnegie-Mellon Navlab},
  journal = {IEEE Transactions on Pattern Analysis and Machine Intelligence},
  year = {1988},
  volume = {10},
  pages = {362-373},
  number = {3},
}
@ARTICLE{Drake1988,
  author = {K. C. Drake and E. S. McVey and R. M. Inigo},
  title = {Sensor roll angle error for a mobile robot using a navigation line},
  journal = {IEEE Transactions on Pattern Analysis and Machine Intelligence},
  year = {1988},
  volume = {10},
  pages = {727-731},
  number = {5},
  month = {September},
}

@ARTICLE{McVey1986,
  author = {E. S. McVey and K. C. Drake and R. M. Inigo},
  title = {Range Measurements by a Mobile Robot Using a Navigation Line},
  journal = {IEEE Transactions on Pattern Analysis and Machine Intelligence},
  year = {1986},
  volume = {8},
  pages = {105-109},
  number = {1},
  month = {January},
}

%%IEEE Transactions on Robotics%%
@ARTICLE{Song2012, 
author={D. Song and C. Y. Kim and J. Yi}, 
journal={IEEE Transactions on Robotics}, 
title={Simultaneous Localization of Multiple Unknown and Transient Radio Sources Using a Mobile Robot}, 
year={2012}, 
volume={28}, 
number={3}, 
pages={668-680}, 
doi={10.1109/TRO.2012.2183069}, 
ISSN={1552-3098}, 
month={June}
}


@ARTICLE{Kim2011, 
author={Ki Bum Kim and Byung Kook Kim}, 
journal={IEEE Transactions on Robotics}, 
title={Minimum-Time Trajectory for Three-Wheeled Omnidirectional Mobile Robots Following a Bounded-Curvature Path With a Referenced Heading Profile}, 
year={2011}, 
month={aug.}, 
volume={27}, 
number={4}, 
pages={800--808} 
}

@ARTICLE{Sharifi2010, 
author={Janabi-Sharifi, F. and Marey, M.},
title={A Kalman-Filter-Based Method for Pose Estimation in Visual Servoing},  
journal={IEEE Transactions on Robotics}, 
year={2010}, 
volume={26}, 
number={5}, 
pages={939--947}, 
month=oct, 
}

@ARTICLE{Morin2009,
  title = {Control of nonholonomic mobile robots based on the transverse function approach},
  author = {Pascal Morin and Claude Samson},
  journal= {IEEE Transactions on Robotics},
  year = {2009},
  volume = {25},
  number = {5},
  pages = {1058--73},
  month = oct,
}

@ARTICLE{Sun2009, 
author={Dong Sun and Can Wang and Wen Shang and Gang Feng}, 
title={A Synchronization Approach to Trajectory Tracking of Multiple Mobile Robots While Maintaining Time-Varying Formations},
journal={IEEE Transactions on Robotics},  
year={2009}, 
volume={25}, 
number={5}, 
pages={1074--1086}, 
month=oct, 
}

@ARTICLE{Siagian2009,
title={Biologically Inspired Mobile Robot Vision Localization},  
author={Siagian, C. and Itti, L.}, 
journal={IEEE Transactions on Robotics}, 
year={2009}, 
volume={25}, 
number={4}, 
pages={861 -873}, 
month=aug, 
}

@ARTICLE{Nelson2007, 
author={Nelson, D.R. and Barber, D.B. and McLain, T.W. and Beard, R.W.}, 
journal={IEEE Transactions on Robotics}, 
title={Vector Field Path Following for Miniature Air Vehicles}, 
year={2007}, 
month={june }, 
volume={23}, 
number={3}, 
pages={519 -529} 
}

@ARTICLE{Ojeda2006,
  author = {Lauro Ojeda and Daniel Cruz and Giulio Reina and Johann Borenstein},
  title = {Current-based slippage detection and odometry correction for mobile
	robots and planetary rovers},
  journal = {IEEE Transactions on Robotics},
  year = {2006},
  volume = {22},
  pages = {366-378},
  number = {2},
  month = {April},
}

@ARTICLE{Thomas2005,
  title = {Revisiting trilateration for robot localization},
  author = {Federico Thomas and Lluís Ros},
  journal = {IEEE Transactions on Robotics},
  year = {2005},
  volume = {21},
  number = {1},
  pages = {93--101},
  month = feb,
}


@ARTICLE{Dong2000, 
author={Wenjie Dong and Wei Huo and S.K. Tso and W.L. Xu}, 
journal={IEEE Transactions on Robotics and Automation}, 
title={Tracking control of uncertain dynamic nonholonomic system and its application to wheeled mobile robots}, 
year={2000}, 
volume={16}, 
number={6}, 
pages={870-874}, 
keywords={adaptive control;control system synthesis;mobile robots;nonlinear control systems;position control;uncertain systems;asymptotic trajectory tracking;tracking control;uncertain dynamic nonholonomic system;wheeled mobile robots;Aerodynamics;Control systems;Kinematics;Manufacturing automation;Mobile robots;Nonlinear control systems;Nonlinear dynamical systems;Symmetric matrices;Trajectory;Uncertainty}, 
}


@ARTICLE{Yang1999, 
author={Jung-Min Yang and Jong-Hwan Kim}, 
journal={IEEE Transactions on Robotics and Automation}, 
title={Sliding mode control for trajectory tracking of nonholonomic wheeled mobile robots}, 
year={1999}, 
volume={15}, 
number={3}, 
pages={578-587}, 
keywords={asymptotic stability;feedback;linearisation techniques;mobile robots;robust control;tracking;variable structure systems;asymptotic stability;bounded external disturbances;computed-torque method;dynamic equation;feedback-linearization;nonholonomic wheeled mobile robots;polar coordinates;position control;robust tracking control;sliding mode control;time derivatives;trajectory tracking;Automatic control;Control systems;Mobile robots;Navigation;Robot control;Robust control;Robustness;Sliding mode control;Trajectory;Uncertainty}, 
}

@ARTICLE{Ohya1998,
  author = {A. Ohya and A. Kosaka and A. Kak},
  title = {Vision-Based Navigation by a Mobile Robot with Obstacle Avoidance
	Using Single-Camera Vision and Ultrasonic Sensing},
  journal = {IEEE Transactions on Robotics and Automation},
  year = {1998},
  volume = {14},
  pages = {969-978},
  number = {6},
  month = {December},
}
@ARTICLE{Leonard1991,
  author = {John J. Leonard and Hugh F. Durrant-Whyte},
  title = {Mobile Robot Localization by Tracking Geometric Beacons},
  journal = {IEEE Transactions on Robotics and Automation},
  year = {1991},
  volume = {7},
  pages = {376-382},
  number = {3},
  month = {June},
}

%%IEEE Transactions on Systems, Man and Cybernetics%%
@ARTICLE{Li2015-2, 
author={Li, Z. and Deng, J. and Lu, R. and Xu, Y. and Bai, J. and Su, C.-Y.}, 
journal={IEEE Transactions on Systems, Man, and Cybernetics: Systems}, 
title={Trajectory-Tracking Control of Mobile Robot Systems Incorporating Neural-Dynamic Optimized Model Predictive Approach}, 
year={2015}, 
volume={--}, 
number={99}, 
pages={1--}, 
doi={10.1109/TSMC.2015.2465352}, 
ISSN={2168-2216}, 
note={accepted for publication},
}

@ARTICLE{Li2015, 
author={Li, Z. and Xiao, H. and Yang, C. and Zhao, Y.}, 
journal={IEEE Transactions on Systems, Man, and Cybernetics: Systems}, 
title={Model Predictive Control of Nonholonomic Chained Systems Using General Projection Neural Networks Optimization}, 
year={2015}, 
volume={45}, 
number={10}, 
pages={1313-1321},
month={Oct}
}

@ARTICLE{Yang2012,
author={Qinmin Yang and Sarangapani Jagannathan},
journal={{IEEE} Transactions on Systems, Man, and Cybernetics, Part B: Cybernetics},
title={Reinforcement Learning Controller Design for Affine Nonlinear Discrete-Time Systems using Online Approximators},
year={2012},
volume={42},
number={2},
pages={377--390}
}


@ARTICLE{Chwa2010, 
author={Dongkyoung Chwa}, 
title={Tracking Control of Differential-Drive Wheeled Mobile Robots Using a Backstepping-Like Feedback Linearization},
journal={IEEE Transactions on Systems, Man and Cybernetics, Part A: Systems and Humans},  
year={2010}, 
volume={40}, 
number={6}, 
pages={1285--1295}, 
month=nov, 
}
@ARTICLE{Hsu2007,
  title = {A flexible architecture for navigation control of a mobile robot},
  author = {Harry Chia-Hung Hsu and Liu, A.},
journal = {{IEEE} Transactions on Systems, Man \& Cybernetics, Part A},
  year = {2007},
  volume = {37},
  number = {3},
  pages = {310--18},
  month = may,
}
@ARTICLE{Li2003,
  title = {Autonomous fuzzy parking control of a car-like mobile robot},
  author = {Li, T. -H. S. and Shih-Jie Chang},
  journal = {{IEEE} Transactions on Systems, Man \& Cybernetics, Part A},	
  year = {2003},
  volume = {33},
  number = {4},
  pages = {451--65},
  month = jul
}
@ARTICLE{Adam1999,
  author = {Amit Adam and Ehud Rivlin and Hector Rotstein},
  title = {Fusion of Fixation and Odometry for Vehicle Navigation},
  journal = {IEEE Transactions on Systems, Man, and Cybernetics Part A:Systems
	and Humans},
  year = {1999},
  volume = {29},
  pages = {593-603},
  number = {6},
  month = {November},
}


% IEEE Sensors Journal
@ARTICLE{Hood2011, 
author={B. N. Hood and P. Barooah}, 
journal={IEEE Sensors Journal}, 
title={Estimating {DoA} From Radio-Frequency {RSSI} Measurements Using an Actuated Reflector}, 
year={2011}, 
volume={11}, 
number={2}, 
pages={413-417}, 
doi={10.1109/JSEN.2010.2070872}, 
ISSN={1530-437X}, 
month={Feb}
}

%%IEEE Transactions on Vehicular Technology%%
@ARTICLE{Arogeti2012, 
author={Shai A. Arogeti and Nadav Berman}, 
journal={IEEE Transactions on Vehicular Technology}, 
title={Path Following of Autonomous Vehicles in the Presence of Sliding Effects}, 
year={2012}, 
volume={61}, 
number={4}, 
pages={1481--1492}, 
}

@ARTICLE{Guo2012, 
author={Jinghua Guo and Ping Hu and Linhui Li and Rongben Wang}, 
journal={IEEE Transactions on Vehicular Technology}, 
title={Design of Automatic Steering Controller for Trajectory Tracking of Unmanned Vehicles Using Genetic Algorithms}, 
year={2012}, 
volume={61}, 
number={7}, 
pages={2913--2924}, 
}

@ARTICLE{Setlur2006, 
author={Setlur, P. and Wagner, J.R. and Dawson, D.M. and Braganza, D.}, 
journal={IEEE Transactions on Vehicular Technology}, 
title={A trajectory tracking steer-by-wire control system for ground vehicles}, 
year={2006}, 
volume={55}, 
number={1}, 
pages={76--85}
}

%%IET Control Theory \& Applications%%
@ARTICLE{Li2013,
  author = {Zhijun Li and Chenguang Yang  and Yong Tang},
  title = {Decentralised adaptive fuzzy control of coordinated
  multiple mobile manipulators interacting with
  non-rigid environments},
  journal = {IET Control Theory and Applications},
  year = {2013},
  volume = {7},
  pages = {397--410},
  number = {3},
  month = feb
}

@ARTICLE{Lopez2013,
  title = {BellBot -- A Hotel Assistant System Using Mobile Robots },
  author = {Joaquin Lopez and Diego Perez and Eduardo Zalama and Jaime Gomez-Garcia-Bermejo},
  journal = {International Journal of Advanced Robotic Systems},
  year = {2013},
  volume = {10},
  number = {40},
  pages = {1--11},
}


@article{Rubagotti2011,
title = {Time-optimal sliding-mode control of a mobile robot in a dynamic environment},
journal = {IET Control Theory \& Applications},
author = {Rubagotti, M. and Della Vedova, M.L. and Ferrara, A.},
volume = {5},
number = {16},
year = {2011},
pages = {1916--24},
address = {UK}
} 



% International Journal of Computer Vision
@Article{Sola2012,
author="Joan Sola and and Teresa Vidal-Calleja and 
and Javier Civera and Jose Maria Martinez Montiel",
title="Impact of Landmark Parametrization on Monocular EKF-SLAM with Points and Lines",
journal="International Journal of Computer Vision",
year="2012",
volume="97",
number="3",
pages="339--368",
issn="1573-1405",
doi="10.1007/s11263-011-0492-5",
url="http://dx.doi.org/10.1007/s11263-011-0492-5"
}


%%International Journal of Control, Automation and System%%
@ARTICLE{Lee2009-1,
  title = {Sliding mode control for trajectory tracking of mobile robot in the {RFID} sensor space},
  author = {Jun Ho Lee and Cong Lin and Hoon Lim and Jang Myung Lee},
  journal = {International Journal of Control, Automation and System},
  year = {2009},
  volume = {7},
  number = {3},
  pages = {429--435},
  month = jun,
}


%%International Journal of Robotics and Automation (Actapress journal)
@article{Amoozgar2012,
title = {TRAJECTORY TRACKING OF WHEELED MOBILE ROBOTS USING A KINEMATICAL FUZZY CONTROLLER},
journal = {International Journal of Control},
author = {Mohammad Hadi Amoozgar and Seyed Hossein Sadati and Khalil Alipour},
year = {2012},
volume = {27},
number = {1},
pages = {49--59},
} 

%%International Journal of Control%%
@article{Seda2014,
title = {Trajectory tracking with collision avoidance for nonholonomic vehicles with acceleration constraints and limited sensing},
journal = {International Journal of Control},
author = {Erick J. Rodriguez-Seda and Chinpei Tang and Mark W. Spong and Dusan M. Stipanovic},
year = {2014},
pages = {1--13},
month = {aug},
url= {http://ijr.sagepub.com/content/early/2014/08/24/0278364914537130},
} 

@article{Gonzalez2011,
title = {Online robust tube-based MPC for time-varying systems: a practical approach},
journal = {International Journal of Control},
author = {Gonzalez, R. and Fiacchini, M. and Alamo, T. and Guzman, J.L. and Rodriguez, F.},
volume = {84},
number = {6},
year = {2011},
pages = {1157--70},
address = {UK}
} 


@article{Cao2007,
title = {A time-varying cascaded design for trajectory tracking control of non-holonomic systems},
journal = {International Journal of Control},
author = {Cao, K.-C. and Tian, Y.-P.},
volume = {80},
number = {3},
year = {2007},
pages = {416--29},
address = {UK}
} 

@article{Kim2004,
title = {Autonomous mobile robot model predictive control},
journal = {International Journal of Control},
author = {Kim, B. and Necsulescu, D. and Sastadek, J.},
volume = {77},
number = {16},
year = {2004},
pages = {1438--45},
address = {UK}
} 


%% Journal of Adaptive Control and Signal Processing

@ARTICLE{Alanis2012,
  author = {Alma Y. Alanis and Michel Lopez--Franco and Nancy Arana--Daniel and Carlos Lopez--Franco},
  title = {Discrete-time neural control for electrically driven nonholonomic mobile robots},
  journal = {Journal of Adaptive Control and Signal Processing},
  year = {2012},
  volume = {26},
  pages = {630--44},
  number = {7},
  month = jul
}

%%Journal of Robotic Systems%%
@ARTICLE{Borenstein1997,
  title = {Mobile robot positioning: sensors and techniques},
  author = {Borenstein, J. and Everett, H. R. and Feng, L. and Wehe, D.},
  journal = {Journal of {R}obotic {S}ystems},
  year = {1997},
  volume = {14},
  number = {4},
  pages = {231--49},
  month = apr,
  ISSN = {0741-2223},
}

@ARTICLE{Lin-1997,
  title = {Mobile robot navigation using artificial landmarks},
  author = {Cheng-Chih Lin and Lal Tummala, R.},
  journal = {Journal of {R}obotic {S}ystems},
  year = {1997},
  volume = {14},
  number = {2},
  pages = {93--106},
  month = feb,
  ISSN = {0741-2223},
}

%%Journal of Intelligent and Robotic Systems%%
@ARTICLE{Chaoui-2008,
  title = {Type-2 fuzzy logic control of a flexible-joint manipulator},
  author = {Chaoui, Hicham and Gueaieb, Wail},
  journal = {Journal of Intelligent and Robotic Systems},
  year = {2008},
  volume = {51},
  number = {2},
  pages = {159--186},
  month = feb,
}
@ARTICLE{Meng2005,
  author = {Qinghao Meng and Rainer Bischoff},
  title = {Odometry based pose determination and errors measurement for a mobile
	robot with two steerable drive wheels},
  journal = {Journal of Intelligent and Robotic Systems archive},
  year = {2005},
  volume = {41},
  pages = {263-282},
  number = {4},
  month = {January},
}
@ARTICLE{Parhi2005,
  author = {Dayal R. Parhi},
  title = {Navigation of Mobile Robots Using a Fuzzy Logic Controller},
  journal = {Journal of Intelligent and Robotic Systems: Theory and Applications},
  year = {2005},
  volume = {42},
  pages = {253-273},
  number = {3},
  month = {March},
}

%% Nonlinear Analysis



%%Robotica%%
@ARTICLE{Yi2004,
  title = {Autonomous navigation of indoor mobile robots using a global ultrasonic system},
  author = {Soo-Yeong Yi and Byoung-Wook Choi},
  journal = {Robotica},
  year = {2004},
  volume = {22},
  pages = {369--74},
  month = jul,
}
@ARTICLE{Pham2003,
  author = {D.T. Pham and Dayal R.  Parhi},
  title = {Navigation of multiple mobile robots using a neural networks and
	a Petri Net model},
  journal = {Robotica},
  year = {2003},
  volume = {21},
  pages = {79-93},
  number = {1},
  month = {January/February},
}

%% Ocean Engineering 
@ARTICLE{Cui2010,
  author = {Rongxin Cui and Shuzhi Sam Ge and Bernard Voon Ee How and Yoo Sang Choo},
  title = {Leader--follower formation control of underactuated autonomous
  underwater vehicles},
  journal = {Ocean Engineering},
  year = {2010},
  volume = {37},
  pages = {1491--1502},
  number = {1},
  month = sep
}


%%Robotics and Autonomous System%%

@article{Hoshino2013,
author = {Satoshi Hoshino and Hiroya Seki},
journal = {Robotics and Autonomous Systems},
title = {Multi-robot coordination for jams in congested systems},
year = "2013",
volume = {61},
number = {8},
pages = {808--820}
}

@article{Liu2008,
author = {Yong Liu and J. Jim Zhu and Robert L. Williams II and Jianhua Wu},
journal = {Robotics and Autonomous Systems},
title = {Omni-directional mobile robot controller based on trajectory linearization},
year = {2008},
volume = {56},
number = {5},
pages = {461--479}
}


@ARTICLE{Wijk2000,
  author = {O. Wijk and H.I. Christensen},
  title = {Localization and navigation of a mobile robot using natural point
	landmarks extracted from sonar data},
  journal = {Robotics and Autonomous System},
  year = {2000},
  volume = {31},
  pages = {31-42},
  number = {1-2},
  month = {April}
}


%% Transactions of the Society of Instrument and Control Engineers

@article{Yamaguchi2003,
  title={A Distributed Smooth Time-Varying Feedback Control Law for Multiple Nonholonomic Mobile Robots to Make Group Formations},
  author={Hiroaki Yamaguchi},
  journal={Transactions of the Society of Instrument and Control Engineers},
  volume={39},
  number={12},
  pages={1108--1116},
  year={2003}
}

%%Soft Computing Research journal%%
@ARTICLE{Saffiotti1997,
  author = {Alessandro Saffiotti},
  title = {The uses of fuzzy logic for autonomous robot navigation: a catalogue raisonn'e},
  journal = {Soft Computing Research journal},
  year = {1997},
  volume = {1},
  pages = {180-197},
  number = {4},
}

%%Systems \& Control Letters%%
@ARTICLE{Jiang2001,
  title = {Saturated stabilization and tracking of a nonholonomic mobile robot},
  author = {Z. -P. Jiang and E. Lefeber and H. Nijmeijer},
  journal = {Systems \& Control Letters},
  year = {2001},
  volume = {42},
  number = {5},
  pages = {327--32},
  month = apr,
}
@ARTICLE{Cervantes2001,
  title = {On the {PID} tracking control of robot manipulators},
  author = {I. Cervantes and J. Alvarez-Ramirez},
  journal = {Systems and Control Letters},
  year = {2001},
  volume = {42},
  number = {1},
  pages = {37--46},
  month = jan
}

@ARTICLE{Pomet1992,
  title = {Explicit design of Time-varying Stabilizing Control Laws for a Class of Controllable Systems without Drift},
  author = {Jean-Baptiste Pomet},
  journal = {Systems \& Control Letters},
  year = {1992},
  volume = {18},
  number = {2},
  pages = {147--158},
  month = feb,
}

%%Wireless Networks%%
@ARTICLE{Lionel2004,
  author = {M.Ni Lionel and Yunhao Liu and Yiu Cho Lau and Abhishek P. Patil},
  title = {{LANDMARC}: Indoor Location Sensing Using Active {RFID}},
  journal = {Wireless Networks},
  year = {2004},
  volume = {10},
  pages = {701-710},
  number = {6},
  month = {November},
}