%%American Control Conference%%
@INPROCEEDINGS{Broderick2013, 
author={Broderick, J.A. and Tilbury, D.M. and Atkins, E.M.}, 
booktitle={American Control Conference (ACC), 2013}, 
title={Supervisory traction control for a slipping UGV}, 
year={2013}, 
pages={4350--4355}, 
doi={10.1109/ACC.2013.6580509}, 
month={June},}

@INPROCEEDINGS{Tarin2000, 
author={C. Tarin and B. Tibken and H. Brugger and E.P. Hofer}, 
booktitle={American Control Conference}, 
title={Optimal feedback position control for an autonomous mobile robot }, 
year={2000}, 
month={}, 
volume={3}, 
number={}, 
pages={1491--1492}
}
%%ERCIM News%%
@CONFERENCE{Peters2000,
  author = {Liliane Peters and Michael Pauly and Klaus Beck},
  title = {ServiceBot--Mobile Robots in Co-operative Environments},
  booktitle = {ERCIM News},
  year = {2000},
  month = {July},
}

%%{IEEE}/{ASME} International Conference on Advanced Intelligent Mechatronics%%
@INPROCEEDINGS{Milella2007,
  title = {{RFID}-based environment mapping for autonomous mobile robot applications},
  author = {Milella, Annalisa and Vanadia, Paolo and Cicirelli, Grazia and Distante, Arcangelo},
  booktitle = {{IEEE}/{ASME} International Conference on Advanced Intelligent Mechatronics, {AIM}},
  year = {2007},
  address = {Zurich, Switzerland},
  month = {September}
}

%%IEEE Conference on Decision and Control%%
@inproceedings{Hussein2006,
	Author = {I. I. Hussein and D. Stipanovic},
	Booktitle = {{IEEE} Conference on Decision and Control},
	Month = {dec},	
	Pages = {2747--2752},
	Title = {Effective Coverage Control Using Dynamic Sensor Networks},
	Year = {2006}}
	

@INPROCEEDINGS{Encarnacao2001, 
author={Encarnacao, P. and Pascoal, A.}, 
booktitle={IEEE Conference on Decision and Control}, 
title={Combined trajectory tracking and path following: an application to the coordinated control of autonomous marine craft}, 
year={2001}, 
month={}, 
volume={1}, 
number={}, 
pages={964--969}, 
}


%%IEEE International Conference on Emerging Technologies and Factory Automation%%
@CONFERENCE{Hu1999,
  author = {Huosheng Hu and Dongbing Gu},
  title = {Landmark-based navigation of mobile robots in manufacturing},
  booktitle = {IEEE International Conference on Emerging Technologies and Factory Automation},
  year = {1999},
  address = {Barcelona, Spain},
  month = {October},
}

%%IEEE International Conference on Industrial Electronics Society%%
@INPROCEEDINGS{Luo2007, 
author={Luo, R.C. and Chi-Tao Chuang and Sung-Sheng Huang}, 
booktitle={IEEE International Conference on Industrial Electronics Society}, 
title={RFID-based Indoor Antenna Localization System using Passive Tag and Variable RF-Attenuation}, 
year={2007}, 
month={nov.}, 
volume={}, 
number={}, 
pages={2254--2259}, 
}

%%IEEE/RSJ International Conference on Intelligent Robots and Systems%%
@INPROCEEDINGS{Cao2010, 
author={Zhengcai Cao and Yingtao Zhao and Shuguo Wang}, 
booktitle={IEEE/RSJ International Conference on Intelligent Robots and Systems},
title={Trajectory tracking and point stabilization of noholonomic mobile robot}, 
year={2010}, 
month={oct.}, 
volume={}, 
number={}, 
pages={1328 -1333}
}
@INPROCEEDINGS{Kodaka2008, 
author={Kodaka, K. and Niwa, H. and Sakamoto, Y. and Otake, M. and Kanemori, Y. and Sugano, S.}, 
booktitle={IEEE/RSJ International Conference on Intelligent Robots and Systems}, 
title={Pose estimation of a mobile robot on a lattice of RFID tags}, 
year={2008}, 
month={sept.}, 
volume={}, 
number={}, 
pages={1385--1390}, 
}

@INPROCEEDINGS{Sola2005, 
author={J. Sola and A. Monin and M. Devy and T. Lemaire}, 
booktitle={IEEE/RSJ International Conference on Intelligent Robots and Systems}, 
title={Undelayed initialization in bearing only SLAM}, 
year={2005}, 
pages={2499-2504}, 
keywords={delay systems;mobile robots;position control;position measurement;SLAM;bearing only;landmark initialization;landmark position;robotics;simultaneous localization and mapping;undelayed initialization;Cameras;Computational modeling;Delay estimation;Fuses;Mobile robots;Position measurement;Random variables;Robot sensing systems;Sensor fusion;Simultaneous localization and mapping;SLAM;bearing only;initialization;undelayed;vision}, 
doi={10.1109/IROS.2005.1545392}, 
ISSN={2153-0858}, 
month={Aug},}

@INPROCEEDINGS{Kulyukin2004,
  title = {{RFID} in robot-assisted indoor navigation for the visually impaired},
  author = {Kulyukin, V. and Gharpure, C. and Nicholson, J. and Pavithran, S.},
  booktitle = {2004 {IEEE}/{RSJ} {IROS}},
  year = {2004},
  pages = {1979--84},
  address = {Sendai, Japan},
}
@INPROCEEDINGS{Kurth2003,
  title = {Experimental {R}esults in {R}ange-only {L}ocalization with {R}adio},
  author = {Kurth, Derek and Kantor, George and Singh, Sanjiv},
  booktitle = {{IEEE} {I}nternational {C}onference on {I}ntelligent {R}obots and {S}ystems},
  year = {2003},
  volume = {1},
  pages = {974--979},
  address = {Las Vegas, NV, United States},
  month = oct,
}
%%IEEE International Conference on Multisensor Fusion and Integration for Intelligent Systems%%
@CONFERENCE{Park1996,
  author = {KyuCheol Park and Dohyoung Chung and Hakyoung Chung and Jang Gyu Lee},
  title = {Dead reckoning navigation of a mobile robot using an indirect Kalman filter},
  booktitle = {IEEE International Conference on Multisensor Fusion and Integration for Intelligent Systems},
  year = {1996},
  pages = {132-138},
}
%%IEEE International Conference on Pervasive Computing and Communications%%
@INPROCEEDINGS{Ni2003,
  title = {{LANDMARC}: indoor location sensing using active {RFID}},
  author = {Ni, L. M. and Yunhao Liu and Yiu Cho Lau and Patil, A. P.},
  booktitle = {{IEEE} {I}nternational {C}onference on {P}ervasive {C}omputing and {C}ommunications},
  year = {2003},
  pages = {407--15},
  address = {TX, USA},
}

%%IEEE International Conference on Robotics and Automation%%
@INPROCEEDINGS{Graefenstein2008,
  title = {Robust method for outdoor localization of a mobile robot using received signal strength in low power wireless networks},
  author = {J. Graefenstein and M. E. Bouzouraa},
  booktitle = {{IEEE} International Conference on Robotics and Automation},
  year = {2008},
  pages = {33--8},
  address = {Pasadena, CA, USA},
}
@CONFERENCE{Chen2006,
  author = {Zhichao Chen and Stanley T. Birchfield},
  title = {Qualitative Vision-Based Mobile Robot Navigation},
  booktitle = {IEEE International Conference on Robotics and Automation},
  year = {2006},
}
@INPROCEEDINGS{Hahnel2004,
  title = {Mapping and localization with {RFID} technology},
  author = {Dirk Hahnel and Wolfram Burgard and Dieter Fox and Ken Fishkin and Matthai Philipose},
  booktitle = {IEEE International Conference on Robotics and Automation},
  year = {2004},
  pages = {1015--1020},
  address = {New Orleans, LA, United States},
  month = apr,
}
@INPROCEEDINGS{Ohno2003,
author = {Kazunori Ohno and Takashi Tsubouchit and Bunji Shigematsut and Shoichi Maeyamas and Shin'ichi Yuta},
title = {Outdoor navigation of a mobile robot between buildings based on {DGPS} and odometry data fusion},
booktitle = {IEEE International Conference on Robotics and Automation},
year = {2003},
volume = {2},
pages = {1978-1984},
month = {September}
}

@INPROCEEDINGS{Kantor2002,
  title = {Preliminary results in range-only localization and mapping},
  author = {Kantor, G. and Singh, S.},
  booktitle = {Proceedings 2002 {IEEE} {ICRA}},
  year = {2002},
  pages = {1818--23},
  address = {Washington, DC, USA},
}
@INPROCEEDINGS{Abe1999,
author = {Yasunori Abe and Masaru Shikano and Toshio Fukuda and Fumihito Arai and Yoshio Tanaka},
title = {Vision Based Navigation System for Autonomous Mobile Robot with Global Matching},
booktitle = {IEEE International Conference on Robotics and Automation},
year = {1999},
volume = {2},
pages = {1299-1304},
}
@INPROCEEDINGS{Kotani1998,
  author = {S. Kotani and K. Kaneko and T. Shinoda and H. Mori},
  title = {Mobile Robot Navigation Based on Vision and DGPS Information},
  booktitle = {IEEE International Conference on Robotics and Automation},
  year = {1998},
  volume = {3},
  pages = {2524-2529},
}
@CONFERENCE{Betge1994,
  author = {Stephane Betge-Brezetz and Raja Chatila and Michel Devy},
  title = {Natural Scene Understanding for Mobile Robot Navigation},
  booktitle = {IEEE International Conference on Robotics and Automation},
  year = {1994},
  pages = {730-736},
}
@INPROCEEDINGS{DOrazio1993,
  title = {Mobile robot navigation by multi-sensory integration},
  author = {T. D'Orazio and M. Ianigro and E. Stella and F. P. Lovergine and A. Distante},
  booktitle = {IEEE International Conference on Robotics and Automation},
  year = {1993},
  pages = {373--9},
  address = {Atlanta, GA, USA},
}
@INPROCEEDINGS{Shahidi1991,
  author = {Reza Shahidi and Mark Shayman and P. S. Krishnaprasad},
  title = {Mobile Robot Navigation Using Potential Functions},
  booktitle = {IEEE International Conference on Robotics and Automation},
  year = {1991},
  volume = {3},
  pages = {2047-2053},
}
@INPROCEEDINGS{Kanayama1990,
  title = {A stable tracking control method for an autonomous mobile robot},
  author = {Kanayama, Y. and Kimura, Y. and Miyazaki, F. and Noguchi, T.},
  booktitle = {{IEEE} International Conference on Robotics and Automation},
  year = {1990},
  pages = {384--9},
  address = {Cincinnati, OH, USA},
}
@INPROCEEDINGS{Crowley1989,
  title = {Asynchronous control of orientation and displacement in a robot vehicle},
  author = {J. L. Crowley},
  booktitle = {{IEEE} International Conference on Robotics and Automation},
  year = {1989},
  pages = {1277--82},
  address = {Scottsdale, AZ, USA}
}

%%IEEE International Conference on Systems, Man and Cybernetics%%
@CONFERENCE{Apolloni2000,
  author = {Bruno Apolloni and Adrian Moise},
  title = {Mobile Robot Navigation Using the Mathematical Model of the Sensing System},
  booktitle = {IEEE International Conference on Systems, Man and Cybernetics},
  year = {2000},
  volume = {4},
  pages = {2625--2630},
}
@INPROCEEDINGS{Wane1994,
  author = {Sada Wane and Cina Motamed},
  title = {Navigation System for a Mobile Robot in an Unstructured Environment},
  booktitle = {IEEE International Conference on Systems, Man and Cybernetics},
  year = {1994},
  volume = {3},
  pages = {2797--2802},
}
%%IEEE International Symposium on Circuits and Systems%%
@CONFERENCE{Lee2005,
  author = {Tsong-Li Lee and Li-Chun Lai and Chia-Ju Wu},
  title = {A Fuzzy Algorithm for Navigation of Mobile Robots in Unknown Environments},
  booktitle = {IEEE International Symposium on Circuits and Systems},
  year = {2005},
  volume = {4},
  pages = {3039- 3042},
  month = {May},
}

%%IEEE Vehicular Technology Conference%%
@CONFERENCE{Kubitz1997,
  author = {Olaf Kubitz and Matthias O. Berger and Marcus Perlick and Rene Dumoulin},
  title = {Application of Radio Frequency Identification Devices to Support Navigation of Autonomous Mobile Robots},
  booktitle = {IEEE Vehicular Technology Conference},
  year = {1997},
  pages = {126-130},
  address = {Phoenix, AZ, USA},
}
%%Intelligent Sensors, Sensor Networks and Information Processing Conference%%
@INPROCEEDINGS{Heesung2005,
  author = {Chae Heesung and Han Kyuseo},
  title = {Combination of RFID and Vision for Mobile Robot Localization},
  booktitle = {Intelligent Sensors, Sensor Networks and Information Processing Conference},
  year = {2005},
  volume = {2005},
}

%%Intelligent Vehicles Symposium%%
@INPROCEEDINGS{Stella1994,
  author = {E. Stella and F.P. Lovergine and L. Caponetti and A. Distante},
  title = {Mobile robot navigation using vision and odometry},
  booktitle = {Intelligent Vehicles Symposium},
  year = {1994},
  pages = {417-422},
  month = {October},
}

%% International Conference and Exhibition on Mass Mining (MassMin)
@INPROCEEDINGS{Larsson2008,
  author = {J. Larsson and J. Appelgren and J. A. Marshall and T. D. Barfoot},
  title = {Atlas copco infrastructureless guidance system for high-speed autonomous underground tramming},
  booktitle = {Proceedings of the 5th International Conference and Exhibition on Mass Mining (MassMin)},
  year = {2008},
  pages = {585--594},
  month = {June},
  address = {Lulea, Sweden}
}

%%International Conference on Advanced Robotics%%
@INPROCEEDINGS{Park1997,
  author = {KyuCheol Park and Hakyoung Chung and Jongbin Choi and Jang Gyu Lee},
  title = {Dead reckoning navigation for an autonomous mobile robot using a differential encoder and a gyroscope},
  booktitle = {International Conference on Advanced Robotics},
  year = {1997},
  pages = {441-446},
  month = {July},
}
@INPROCEEDINGS{Makela1991,
  title = {Navigation of outdoor mobile robots using dead reckoning and visually detected landmarks},
  author = {Hannu Makela and Kari Koskinen},
  booktitle = {International Conference on Advanced Robotics},
  year = {1991},
  pages = {1051--6},
  address = {Pisa, Italy},
}

%%International Conference on Control, Automation, Robotics & Vision%%
@INPROCEEDINGS{Sheng2004, 
author={Li Sheng and Ma Guoliang and Hu Weili}, 
booktitle={International Conference on Control, Automation, Robotics \& Vision}, 
title={Stabilization and optimal control of nonholonomic mobile robot}, 
year={2004}, 
month={dec.}, 
volume={2}, 
number={}, 
pages={ 1427--1430}
}
@INPROCEEDINGS{He2002,
  author = {Bo He and Danwei Wang and Minhtuan Pham and Tieniu Yu},
  title = {GPS/Encoder Based Precise Navigation for a 4WS Mobile Robot},
  booktitle = {International Conference on Control, Automation, Robotics and Vision},
  year = {2002},
  address = {Singapore},
  month = {December},
}

@INPROCEEDINGS{Ju2001,
  author = {Dong-Ying Ju and Satoshi Kushida},
  title = {Intelligent Control of Mobile Robot during Autonomous Inspection of Welding Damage Based on Genetic Algorithm},
  booktitle = {International conference on Industrial and engineering applications of artificial intelligence and expert systems: engineering of intelligent system},
  year = {2001},
  pages = {661--669},
  address = {Budapest, Hungary},
  month = {June},
}

%%International Conference Personal Wireless Communications%%
@INPROCEEDINGS{Peris-Lopez2006,
  title = {{RFID} systems: a survey on security threats and proposed solutions},
  author = {P. Peris-Lopez and J. C. Hernandez-Castro and J. M. Estevez-Tapiador and A. Ribagorda},
  booktitle = {International Conference Personal Wireless Communications},
  year = {2006},
  pages = {159--70},
  address = {Albacete, Spain},
}

%%International Conference on Wireless Communications, Networking and Mobile Computing%%
@INPROCEEDINGS{Jing2007, 
author={Liu Jing and Po Yang}, 
booktitle={International Conference on Wireless Communications, Networking and Mobile Computing}, 
title={A Localization Algorithm for Mobile Robots in RFID System}, 
year={2007}, 
month={sept.}, 
volume={}, 
number={}, 
pages={2109--2112}, 
}

%%International Multi-Conference on Systems, Signals and Devices%%
@INPROCEEDINGS{Nasri2008,
  title = {Radio Frequency IDentification ({RFID}): Working, design considerations and modelling of antenna},
  author = {Nejah Nasri and Nacer Kachouri and Mounir Samet and Laurent Andrieux},
  booktitle = {International Multi-Conference on Systems, Signals and Devices},
  year = {2008},
  address = {Amman, Jordan},
  month = jul,
}

%%International Symposium on Intelligent Robotic Systems%%
@CONFERENCE{Hallmann2001,
  author = {Ireneusz Hallmann and Barbara Siemiatkowska},
  title = {Artificial Landmark Navigation System},
  booktitle = {International Symposium on Intelligent Robotic Systems},
  year = {2001},
  month = {July},
}

%% 17th Mediterranean Conference on Control and Automation
@inproceedings{NgangaKouya2009,
title = {Adaptive backstepping control of a wheeled mobile robot},
booktitle = {17th Mediterranean Conference on Control and Automation},
author = {Nganga-Kouya, D. and Okou, F.A.},
year = {2009},
pages = {85--91},
address = {Piscataway, NJ, USA},
}



%%Proceedings of the 1988 DARPA Image Understanding Workshop%%
@INPROCEEDINGS{Herbert1988,
  author = {Martial Hebert and Takeo Kanade},
  title = {3-D Vision for Outdoor Navigation by an Autonomous Vehicle},
  booktitle = {Proceedings of the 1988 DARPA Image Understanding Workshop},
  year = {1988},
  pages = {593-601},
  month = {April},
}
%%Proceedings of the {F}ourth {W}orkshop on {I}ntelligent {S}olutions in {E}mbedded {S}ystems%%
@INPROCEEDINGS{Lanzisera2006,
  title = {{RF} time of flight ranging for wireless sensor network localization},
  author = {Lanzisera, Steven and Lin, David T. and Pister, Kristofer S. J.},
  booktitle = {Proceedings of the {F}ourth {W}orkshop on {I}ntelligent {S}olutions in {E}mbedded {S}ystems},
  year = {2006},
  pages = {165--176},
  address = {Vienna, Austria},
  month = jun,
}
%%Proceedings of the International Joint Conference on Neural Networks%%
@CONFERENCE{Lagoudakis1999,
  author = {Michail G. Lagoudakis and Anthony S. Maida},
  title = {Neural Maps for Mobile Robot Navigation},
  booktitle = {Proceedings of the International Joint Conference on Neural Networks},
  year = {1999},
  volume = {3},
  pages = {2011-2016},
}
%%Proceedings of SPIE - The International Society for Optical Engineering%%
@CONFERENCE{Tsukiyama2005,
  author = {Toshifumi Tsukiyama},
  title = {World Map Based on RFID Tags for Indoor Mobile Robots},
  booktitle = {Proceedings of SPIE - The International Society for Optical Engineering},
  year = {2005},
  volume = {6006},
}
@CONFERENCE{Tsukiyama2001,
  author = {Toshifumi Tsukiyama},
  title = {Global Navigation System with {RFID} Tags},
  booktitle = {Proceedings of SPIE - The International Society for Optical Engineering},
  year = {2001},
  volume = {4573},
  pages = {256-264},
}
@INPROCEEDINGS{Amidi1990,
  title = {Integrated mobile robot control},
  author = {Omead Amidi and Charles Thorpe},
  booktitle = {Proceedings of SPIE - The International Society for Optical Engineering},
  year = {1990},
  volume = {1388},
  pages = {504--523},
  address = {Carnegie Mellon Univ, Pittsburgh, United States}
}

%%Signal Processing, Sensor Fusion, and Target Recognition {VI}%%
@INPROCEEDINGS{Julier1997,
  title = {New extension of the {K}alman filter to nonlinear systems},
  author = {Julier, S. J. and Uhlmann, J. K.},
  booktitle = {Signal {P}rocessing, {S}ensor {F}usion, and {T}arget {R}ecognition {VI}},
  year = {1997},
  volume = {3068},
  pages = {182--93},
  address = {Orlando, FL, USA},
}

%%Lecture Notes%%
@incollection {Morin2006,
   author = {Pascal Morin and Claude Samson},
   title = {Trajectory Tracking for Nonholonomic Vehicles},
   booktitle = {Robot Motion and Control},
   series = {Lecture Notes in Control and Information Sciences},
   editor = {Krzysztof Kozlowski},
   publisher = {Springer Berlin / Heidelberg},
   pages = {3-23},
   volume = {335},
   year = {2006}
}
@incollection {Laumond2000,
   author = {J. P. Laumond and S. Sekhavat and F. Lamiraux},
   title = {Guidelines in nonholonomic motion planning for mobile robots},
   chapter = {1},
   booktitle = {Robot Motion Planning and Control},
   series = {Lecture Notes in Control and Information Sciences},
   editor = {Jean-Paul Laumond},
   publisher = {Springer},
   pages = {1-53},
   volume = {229},
   year = {2000}
}
@incollection {Soueres2000,
   author = {P. Soueres and J. D. Boissonnat},
   title = {Optimal Trajectories for Nonholonomic Mobile Robots},
   chapter = {3},
   booktitle = {Robot Motion Planning and Control},
   series = {Lecture Notes in Control and Information Sciences},
   editor = {Jean-Paul Laumond},
   publisher = {Springer},
   pages = {93-169},
   volume = {229},
   year = {2000}
}
@incollection {Luca2000,
   author = {A. De Luca and G. Oriolo and C. Samson},
   title = {Feedback control of a nonholonomic car-like robot},
   chapter = {4},
   booktitle = {Robot Motion Planning and Control},
   series = {Lecture Notes in Control and Information Sciences},
   editor = {Jean-Paul Laumond},
   publisher = {Springer},
   pages = {170-253},
   volume = {229},
   year = {2000}
}
@InProceedings{Bekkali2009,
  author    = {Bekkali, Abdelmoula and Matsumoto, Mitsuji},
  title     = {{RFID} indoor tracking system based on inter-tags distance measurements},
  booktitle = {Wireless Technology},
  publisher = {Springer US},
  series    = {Lecture Notes in Electrical Engineering},
  volume    = 44,
  year      = {2009},
  pages     = {41--62}
}