% This file was created with JabRef 2.3.1.
% Encoding: Cp1252

@ARTICLE{PaRuAr2017,
  author = {Luigi Palmieri and Andrey Rudenko and Kai O. Arras},
  title = {{A Fast Random Walk Approach to Find Diverse Paths for Robot Navigation}},
  journal = {IEEE Robotics and Automation Letters},
  year = {2017},
  volume = {2},
  pages = {269-276},
  number = {1},
  month = {Jan.},
  owner = {hchaoui},
  timestamp = {2009.09.03}
}

@ARTICLE{HaWo2016,
  author = {Alberto Y. Hata and Denis F. Wolf},
  title = {{Feature Detection for Vehicle Localization in Urban Environments Using a Multilayer LIDAR}},
  journal = {IEEE Transactions on Intelligent Transportation Systems},
  year = {2016},
  volume = {17},
  pages = {420-429},
  number = {2},
  month = {Feb.},
  owner = {hchaoui},
  timestamp = {2009.09.03}
}

@ARTICLE{LiWaZh2016,
  author = {Rong Liu and Yong-Xuan Wang and Lin Zhang},
  title = {{An FDES-Based Shared Control Method for Asynchronous Brain-Actuated Robot}},
  journal = {IEEE Transactions on Cybernetics},
  year = {2016},
  volume = {46},
  pages = {1452-1462},
  number = {6},
  month = {June},
  owner = {hchaoui},
  timestamp = {2009.09.03}
}

@ARTICLE{LiVi2016,
  author = {Danilo Alves de Lima and Alessandro CorrÃªa Victorino},
  title = {{A Hybrid Controller for Vision-Based Navigation of Autonomous Vehicles in Urban Environments}},
  journal = {IEEE Transactions on Intelligent Transportation Systems},
  year = {2016},
  volume = {17},
  pages = {2310-2323},
  number = {8},
  month = {Aug.},
  owner = {hchaoui},
  timestamp = {2009.09.03}
}

@ARTICLE{SaArDwVa2016,
  author = {Anupa Sabnis and Arunkumar G. K. and Vikranth Dwaracherla and Leena Vachhani},
  title = {{Probabilistic Approach for Visual Homing of a Mobile Robot in the Presence of Dynamic Obstacles}},
  journal = {IEEE Transactions on Industrial Electronics},
  year = {2016},
  volume = {63},
  pages = {5523-5533},
  number = {9},
  month = {Sep.},
  owner = {hchaoui},
  timestamp = {2009.09.03}
}

@ARTICLE{MeGaUz2016,
  author = {Abdel-Razzak Merheb and Veysel Gazi and Nilay Sezer-Uzol},
  title = {{Implementation Studies of Robot Swarm Navigation Using Potential Functions and Panel Methods}},
  journal = {IEEE/ASME Transactions on Mechatronics},
  year = {2016},
  volume = {21},
  pages = {2556-2567},
  number = {5},
  month = {Oct.},
  owner = {hchaoui},
  timestamp = {2009.09.03}
}

@ARTICLE{YeHoQiWu2016,
  author = {Cang Ye and Soonhac Hong and Xiangfei Qian and Wei Wu},
  title = {{Co-Robotic Cane: A New Robotic Navigation Aid for the Visually Impaired}},
  journal = {IEEE Systems, Man, and Cybernetics Magazine},
  year = {2016},
  volume = {2},
  pages = {33-42},
  number = {2},
  month = {Apr.},
  owner = {hchaoui},
  timestamp = {2009.09.03}
}

@ARTICLE{ElSiJa2016,
  author = {Mohamed Elbanhawi and Milan Simic and Reza Jazar},
  title = {{Randomized Bidirectional B-Spline Parameterization Motion Planning}},
  journal = {IEEE Transactions on Intelligent Transportation Systems},
  year = {2016},
  volume = {17},
  pages = {406-419},
  number = {2},
  month = {Feb.},
  owner = {hchaoui},
  timestamp = {2009.09.03}
}

@ARTICLE{AlAlEl2016,
  author = {Marwah M. Almasri and Abrar M. Alajlan and Khaled M. Elleithy},
  title = {{Trajectory Planning and Collision Avoidance Algorithm for Mobile Robotics System}},
  journal = {IEEE Sensors Journal},
  year = {2016},
  volume = {16},
  pages = {5021-5028},
  number = {12},
  month = {June},
  owner = {hchaoui},
  timestamp = {2009.09.03}
}

@ARTICLE{WiYuLi2016,
  author = {Junmin Wu and Xiangyu Yue and Wei Li},
  title = {{Integration of Hardware and Software Designs for Object Grasping and Transportation by a Mobile Robot With Navigation Guidance Via a Unique Bearing-Alignment Mechanism}},
  journal = {IEEE/ASME Transactions on Mechatronics},
  year = {2016},
  volume = {21},
  pages = {576-583},
  number = {1},
  month = {Feb.},
  owner = {hchaoui},
  timestamp = {2009.09.03}
}

@ARTICLE{YoKi2015,
  author = {Jeong-Ki Yoo and Jong-Hwan Kim},
  title = {{Gaze Control-Based Navigation Architecture With a Situation-Specific Preference Approach for Humanoid Robots}},
  journal = {IEEE/ASME Transactions on Mechatronics},
  year = {2015},
  volume = {20},
  pages = {2425-2436},
  number = {5},
  month = {Oct.},
  owner = {hchaoui},
  timestamp = {2009.09.03}
}

@ARTICLE{ChHu2016,
  author = {Ji-wung Choi and Kalevi Huhtala},
  title = {{Constrained Global Path Optimization for Articulated Steering Vehicles}},
  journal = {IEEE Transactions on Vehicular Technology},
  year = {2016},
  volume = {65},
  pages = {1868-1879},
  number = {4},
  month = {Apr.},
  owner = {hchaoui},
  timestamp = {2009.09.03}
}

@ARTICLE{RiCe2016,
  author = {Amy J. Rimmer and David Cebon},
  title = {{Planning Collision-Free Trajectories for Reversing Multiply-Articulated Vehicles}},
  journal = {IEEE Transactions on Intelligent Transportation Systems},
  year = {2016},
  volume = {17},
  pages = {1998-2007},
  number = {7},
  month = {July},
  owner = {hchaoui},
  timestamp = {2009.09.03}
}

@ARTICLE{XuLiChZh2015,
  author = {Wang-Bao Xu and Xiao-Ping Liu and Xuebo Chen and Jie Zhao},
  title = {{Improved Artificial Moment Method for Decentralized Local Path Planning of Multirobots}},
  journal = {IEEE Transactions on Control Systems Technology},
  year = {2015},
  volume = {23},
  pages = {2383-2390},
  number = {6},
  month = {Nov.},
  owner = {hchaoui},
  timestamp = {2009.09.03}
}

@ARTICLE{ChLeSu2012,
  author = {Keonyup Chu and Minchae Lee and Myoungho Sunwoo},
  title = {{Local Path Planning for Off-Road Autonomous Driving With Avoidance of Static Obstacles}},
  journal = {IEEE Transactions on Intelligent Transportation Systems},
  year = {2012},
  volume = {13},
  pages = {1599-1616},
  number = {4},
  month = {Dec.},
  owner = {hchaoui},
  timestamp = {2009.09.03}
}

@ARTICLE{MaSgZa2009,
  author = {Fulvio Mastrogiovanni and Antonio Sgorbissa and Renato Zaccaria},
  title = {{Robust Navigation in an Unknown Environment With Minimal Sensing and Representation}},
  journal = {IEEE Transactions on Systems, Man, and Cybernetics, Part B (Cybernetics)},
  year = {2009},
  volume = {39},
  pages = {212-229},
  number = {1},
  month = {Feb.},
  owner = {hchaoui},
  timestamp = {2009.09.03}
}

@ARTICLE{AnChFu2007,
  author = {Gianluca Antonelli and Stefano Chiaverini and Giuseppe Fusco},
  title = {{A Fuzzy-Logic-Based Approach for Mobile Robot Path Tracking}},
  journal = {IEEE Transactions on Fuzzy Systems},
  year = {2007},
  volume = {15},
  pages = {211-221},
  number = {2},
  month = {Apr.},
  owner = {hchaoui},
  timestamp = {2009.09.03}
}

@ARTICLE{ToMiIz2009,
  author = {Rafael Toledo-Moreo and Miguel A. Zamora-Izquierdo},
  title = {{IMM-Based Lane-Change Prediction in Highways With Low-Cost GPS/INS}},
  journal = {IEEE Transactions on Intelligent Transportation Systems},
  year = {2009},
  volume = {10},
  pages = {180-185},
  number = {1},
  month = {Mar.},
  owner = {hchaoui},
  timestamp = {2009.09.03}
}

@ARTICLE{AnSc2015,
  author = {Eric Aislan Antonelo and Benjamin Schrauwen},
  title = {{On Learning Navigation Behaviors for Small Mobile Robots With Reservoir Computing Architectures}},
  journal = {IEEE Transactions on Neural Networks and Learning Systems},
  year = {2015},
  volume = {26},
  pages = {763-780},
  number = {4},
  month = {Apr.},
  owner = {hchaoui},
  timestamp = {2009.09.03}
}

@ARTICLE{KaKaRaKaSa2015,
  author = {Erdal Kayacan and Erkan Kayacan and Herman Ramon and Okyay Kaynak and Wouter Saeys},
  title = {{Towards Agrobots: Trajectory Control of an Autonomous Tractor Using Type-2 Fuzzy Logic Controllers}},
  journal = {IEEE/ASME Transactions on Mechatronics},
  year = {2015},
  volume = {20},
  pages = {287-298},
  number = {1},
  month = {Feb.},
  owner = {hchaoui},
  timestamp = {2009.09.03}
}
